
@article{yang_strongly_2015,
	title = {Strongly enhanced oxygen ion transport through samarium-doped {CeO}2 nanopillars in nanocomposite films},
	volume = {6},
	issn = {2041-1723},
	url = {http://www.nature.com/doifinder/10.1038/ncomms9588},
	doi = {10.1038/ncomms9588},
	urldate = {2015-10-10},
	journal = {Nature Communications},
	author = {Yang, Sang Mo and Lee, Shinbuhm and Jian, Jie and Zhang, Wenrui and Lu, Ping and Jia, Quanxi and Wang, Haiyan and Won Noh, Tae and Kalinin, Sergei V. and MacManus‐Driscoll, Judith L.},
	month = oct,
	year = {2015},
	note = {bibtex: yang\_strongly\_2015},
	pages = {8588}
}

@article{alam_efficient_2011,
	title = {Efficient isoparametric integration over arbitrary space-filling {Voronoi} polyhedra for electronic structure calculations},
	volume = {84},
	issn = {1098-0121, 1550-235X},
	url = {http://link.aps.org/doi/10.1103/PhysRevB.84.045105},
	doi = {10.1103/PhysRevB.84.045105},
	language = {english},
	number = {4},
	urldate = {2015-10-15},
	journal = {Physical Review B},
	author = {Alam, Aftab and Khan, S. N. and Wilson, Brian G. and Johnson, D. D.},
	month = jul,
	year = {2011},
	note = {bibtex: alam\_efficient\_2011}
}

@article{baeumer_spectromicroscopic_2015,
	title = {Spectromicroscopic insights for rational design of redox-based memristive devices},
	volume = {6},
	issn = {2041-1723},
	url = {http://www.nature.com/doifinder/10.1038/ncomms9610},
	doi = {10.1038/ncomms9610},
	urldate = {2015-10-22},
	journal = {Nature Communications},
	author = {Baeumer, Christoph and Schmitz, Christoph and Ramadan, Amr H. H. and Du, Hongchu and Skaja, Katharina and Feyer, Vitaliy and Müller, Philipp and Arndt, Benedikt and Jia, Chun-Lin and Mayer, Joachim and De Souza, Roger A. and Michael Schneider, Claus and Waser, Rainer and Dittmann, Regina},
	month = oct,
	year = {2015},
	note = {bibtex: baeumer\_spectromicroscopic\_2015},
	pages = {8610}
}

@article{lejaeghere_error_2014,
	title = {Error {Estimates} for {Solid}-{State} {Density}-{Functional} {Theory} {Predictions}: {An} {Overview} by {Means} of the {Ground}-{State} {Elemental} {Crystals}},
	volume = {39},
	issn = {1040-8436, 1547-6561},
	shorttitle = {Error {Estimates} for {Solid}-{State} {Density}-{Functional} {Theory} {Predictions}},
	url = {http://www.tandfonline.com/doi/abs/10.1080/10408436.2013.772503},
	doi = {10.1080/10408436.2013.772503},
	language = {english},
	number = {1},
	urldate = {2015-10-23},
	journal = {Critical Reviews in Solid State and Materials Sciences},
	author = {Lejaeghere, K. and Van Speybroeck, V. and Van Oost, G. and Cottenier, S.},
	month = jan,
	year = {2014},
	note = {bibtex: lejaeghere\_error\_2014},
	pages = {1--24}
}

@article{zeller_korringakohnrostoker_2015,
	title = {The {Korringa}–{Kohn}–{Rostoker} method with projection potentials: exact result for the density},
	volume = {27},
	issn = {0953-8984, 1361-648X},
	shorttitle = {The {Korringa}–{Kohn}–{Rostoker} method with projection potentials},
	url = {http://stacks.iop.org/0953-8984/27/i=30/a=306301?key=crossref.af7e8c0338e8bd363597de39e6594c63},
	doi = {10.1088/0953-8984/27/30/306301},
	number = {30},
	urldate = {2015-07-29},
	journal = {Journal of Physics: Condensed Matter},
	author = {Zeller, Rudolf},
	month = aug,
	year = {2015},
	note = {bibtex: zeller\_korringakohnrostoker\_2015},
	pages = {306301},
	file = {0953-8984_27_30_306301.pdf:/Users/borne/Library/Application Support/Zotero/Profiles/d2gmjeo5.default/zotero/storage/5U5H2CFW/0953-8984_27_30_306301.pdf:application/pdf}
}

@book{thies_development_2013,
	address = {Jülich},
	series = {Schriften des {Forschungszentrums} {Jülich} {Reihe} {Schlüsseltechnologien}},
	title = {Development and application of a massively parallel {KKR} {Green} function method for large scale systems},
	isbn = {978-3-89336-906-5},
	language = {eng},
	number = {Bd. 71},
	publisher = {Forschungszentrum Jülich},
	author = {Thieß, Alexander R.},
	year = {2013},
	note = {bibtex: thiess\_development\_2013},
	keywords = {Ab-initio-Rechnung, Antimontelluride, Dichtefunktionalformalismus, Dotierung, Gadolinium, Galliumnitrid, Germaniumtellurid, Hochschulschrift, KKR-Methode, Lokalisierter Zustand, Magnetische Ordnung, Magnetischer Halbleiter, Massive Parallelität},
	annote = {Techn. Hochsch., Diss.--Aachen, 2011},
	file = {Schluesseltech_71.pdf:/Users/borne/Library/Application Support/Zotero/Profiles/d2gmjeo5.default/zotero/storage/EI2ZAP46/Schluesseltech_71.pdf:application/pdf}
}

@article{metlenko_dislocations_2014,
	title = {Do dislocations act as atomic autobahns for oxygen in the perovskite oxide {SrTiO} $_{\textrm{3}}$ ?},
	volume = {6},
	issn = {2040-3364, 2040-3372},
	url = {http://xlink.rsc.org/?DOI=C4NR04083J},
	doi = {10.1039/C4NR04083J},
	language = {english},
	number = {21},
	urldate = {2015-07-29},
	journal = {Nanoscale},
	author = {Metlenko, Veronika and Ramadan, Amr H. H. and Gunkel, Felix and Du, Hongchu and Schraknepper, Henning and Hoffmann-Eifert, Susanne and Dittmann, Regina and Waser, Rainer and De Souza, Roger A.},
	month = aug,
	year = {2014},
	note = {bibtex: metlenko\_dislocations\_2014},
	pages = {12864--12876}
}

@article{zeller_projection_2013,
	title = {Projection potentials and angular momentum convergence of total energies in the full-potential {Korringa}–{Kohn}–{Rostoker} method},
	volume = {25},
	issn = {0953-8984, 1361-648X},
	url = {http://stacks.iop.org/0953-8984/25/i=10/a=105505?key=crossref.9db5385aedd5918094794a02e7577e3a},
	doi = {10.1088/0953-8984/25/10/105505},
	number = {10},
	urldate = {2015-07-29},
	journal = {Journal of Physics: Condensed Matter},
	author = {Zeller, Rudolf},
	month = mar,
	year = {2013},
	note = {bibtex: zeller\_projection\_2013},
	pages = {105505}
}

@article{waser_redox-based_2009,
	title = {Redox-{Based} {Resistive} {Switching} {Memories} - {Nanoionic} {Mechanisms}, {Prospects}, and {Challenges}},
	volume = {21},
	issn = {09359648, 15214095},
	url = {http://doi.wiley.com/10.1002/adma.200900375},
	doi = {10.1002/adma.200900375},
	language = {english},
	number = {25-26},
	urldate = {2015-07-29},
	journal = {Advanced Materials},
	author = {Waser, Rainer and Dittmann, Regina and Staikov, Georgi and Szot, Kristof},
	month = jul,
	year = {2009},
	note = {bibtex: waser\_redoxbased\_2009},
	pages = {2632--2663}
}

@book{grotendorst_computational_2006,
	address = {Jülich},
	series = {{NIC} series},
	title = {Computational nanoscience: do it yourself! winter school, 14 - 22 {February} 2006, {Forschungszentrum} {Jülich}, {Germany} ; lecture notes},
	isbn = {978-3-00-017350-9},
	shorttitle = {Computational nanoscience},
	language = {eng},
	number = {31},
	publisher = {NIC-Secretariat, Research Centre Jülich},
	editor = {Grotendorst, Johannes and Blügel, Stefan and {John von Neumann-Institut für Computing}},
	year = {2006},
	note = {bibtex: grotendorst\_computational\_2006},
	keywords = {Computersimulation, Elektronenstruktur},
	annote = {Literaturangaben},
	file = {Table of Contents PDF:/Users/borne/Library/Application Support/Zotero/Profiles/d2gmjeo5.default/zotero/storage/5P47FBFK/Grotendorst et al. - 2006 - Computational nanoscience do it yourself! winter .pdf:application/pdf}
}

@article{zeller_lloyds_2005,
	title = {Lloyd’s formula in multiple-scattering calculations with finite temperature},
	volume = {17},
	issn = {0953-8984, 1361-648X},
	url = {http://stacks.iop.org/0953-8984/17/i=35/a=005?key=crossref.91fec72896b86738c885102cf1661fb3},
	doi = {10.1088/0953-8984/17/35/005},
	number = {35},
	urldate = {2015-07-29},
	journal = {Journal of Physics: Condensed Matter},
	author = {Zeller, Rudolf},
	month = sep,
	year = {2005},
	note = {bibtex: zeller\_lloyds\_2005},
	pages = {5367--5379}
}

@article{lloyd_wave_1967,
	title = {Wave propagation through an assembly of spheres: {II}. {The} density of single-particle eigenstates},
	volume = {90},
	issn = {0370-1328},
	shorttitle = {Wave propagation through an assembly of spheres},
	url = {http://stacks.iop.org/0370-1328/90/i=1/a=323?key=crossref.55e42b8b417db3af97a578ba19e41345},
	doi = {10.1088/0370-1328/90/1/323},
	number = {1},
	urldate = {2015-07-29},
	journal = {Proceedings of the Physical Society},
	author = {Lloyd, P},
	month = jan,
	year = {1967},
	note = {bibtex: lloyd\_wave\_1967},
	pages = {207--216}
}

@article{drittler_first-principles_1989,
	title = {First-principles calculation of impurity-solution energies in {Cu} and {Ni}},
	volume = {39},
	issn = {0163-1829},
	url = {http://link.aps.org/doi/10.1103/PhysRevB.39.930},
	doi = {10.1103/PhysRevB.39.930},
	language = {english},
	number = {2},
	urldate = {2015-07-29},
	journal = {Physical Review B},
	author = {Drittler, B. and Weinert, M. and Zeller, R. and Dederichs, P. H.},
	month = jan,
	year = {1989},
	note = {bibtex: drittler\_firstprinciples\_1989},
	pages = {930--939}
}

@article{zeller_recent_2014,
	title = {Recent {Advances} in the {Korringa}-{Kohn}-{Rostoker} {Green} {Function} {Method}},
	volume = {78},
	issn = {2100-014X},
	url = {http://www.epj-conferences.org/10.1051/epjconf/20147805002},
	doi = {10.1051/epjconf/20147805002},
	urldate = {2015-07-29},
	journal = {EPJ Web of Conferences},
	author = {Zeller, Rudolf},
	editor = {Varró, S. and Ádám, P. and Biró, T.S. and Barnaföldi, G.G. and Lévai, P.},
	year = {2014},
	note = {bibtex: zeller\_recent\_2014},
	pages = {05002}
}

@article{zeller_large_2014,
	title = {Large scale supercell calculations for forces around substitutional defects in {NiTi}: {Large} scale supercell calculations for substitutional defects in {NiTi}},
	volume = {251},
	issn = {03701972},
	shorttitle = {Large scale supercell calculations for forces around substitutional defects in {NiTi}},
	url = {http://doi.wiley.com/10.1002/pssb.201350406},
	doi = {10.1002/pssb.201350406},
	language = {en},
	number = {10},
	urldate = {2015-07-29},
	journal = {physica status solidi (b)},
	author = {Zeller, Rudolf},
	month = oct,
	year = {2014},
	note = {bibtex: zeller\_large\_2014},
	pages = {2048--2054}
}

@article{ebert_incorporation_2003,
	title = {Incorporation of the rotationally invariant {LDA}+{U} scheme into the {SPR}-{KKR} formalism: application to disordered alloys},
	volume = {127},
	issn = {00381098},
	shorttitle = {Incorporation of the rotationally invariant {LDA}+{U} scheme into the {SPR}-{KKR} formalism},
	url = {http://linkinghub.elsevier.com/retrieve/pii/S0038109803004551},
	doi = {10.1016/S0038-1098(03)00455-1},
	language = {english},
	number = {6},
	urldate = {2015-07-29},
	journal = {Solid State Communications},
	author = {Ebert, H. and Perlov, A. and Mankovsky, S.},
	month = aug,
	year = {2003},
	note = {bibtex: ebert\_incorporation\_2003},
	pages = {443--446}
}

@article{czyzyk_local-density_1994,
	title = {Local-density functional and on-site correlations: {The} electronic structure of {La} 2 {CuO} 4 and {LaCuO} 3},
	volume = {49},
	issn = {0163-1829, 1095-3795},
	shorttitle = {Local-density functional and on-site correlations},
	url = {http://link.aps.org/doi/10.1103/PhysRevB.49.14211},
	doi = {10.1103/PhysRevB.49.14211},
	language = {english},
	number = {20},
	urldate = {2015-07-29},
	journal = {Physical Review B},
	author = {Czyżyk, M. T. and Sawatzky, G. A.},
	month = may,
	year = {1994},
	note = {bibtex: czyzyk\_localdensity\_1994},
	pages = {14211--14228}
}

@article{solovyev_is_1998,
	title = {Is {Hund}'s {Second} {Rule} {Responsible} for the {Orbital} {Magnetism} in {Solids}?},
	volume = {80},
	issn = {0031-9007, 1079-7114},
	url = {http://link.aps.org/doi/10.1103/PhysRevLett.80.5758},
	doi = {10.1103/PhysRevLett.80.5758},
	language = {english},
	number = {26},
	urldate = {2015-07-29},
	journal = {Physical Review Letters},
	author = {Solovyev, I. V. and Liechtenstein, A. I. and Terakura, K.},
	month = jun,
	year = {1998},
	note = {bibtex: solovyev\_hunds\_1998},
	pages = {5758--5761}
}

@article{yaresko_localized_2003,
	title = {Localized {U} 5 f electrons in {UPd} 3 from {LDA} + {U} calculations},
	volume = {67},
	issn = {0163-1829, 1095-3795},
	url = {http://link.aps.org/doi/10.1103/PhysRevB.67.155103},
	doi = {10.1103/PhysRevB.67.155103},
	language = {english},
	number = {15},
	urldate = {2015-07-29},
	journal = {Physical Review B},
	author = {Yaresko, A. N. and Antonov, V. N. and Fulde, P.},
	month = apr,
	year = {2003},
	note = {bibtex: yaresko\_localized\_2003}
}

@article{zeller_evaluation_1997,
	title = {Evaluation of the screened {Korringa}-{Kohn}-{Rostoker} method for accurate and large-scale electronic-structure calculations},
	volume = {55},
	issn = {0163-1829, 1095-3795},
	url = {http://link.aps.org/doi/10.1103/PhysRevB.55.9400},
	doi = {10.1103/PhysRevB.55.9400},
	language = {english},
	number = {15},
	urldate = {2015-07-29},
	journal = {Physical Review B},
	author = {Zeller, Rudolf},
	month = apr,
	year = {1997},
	note = {bibtex: zeller\_evaluation\_1997},
	pages = {9400--9408}
}

@article{bolten_preconditioning_2012,
	title = {Preconditioning systems arising from the {KKR} {Green} function method using block-circulant matrices},
	volume = {436},
	issn = {00243795},
	url = {http://linkinghub.elsevier.com/retrieve/pii/S0024379511004241},
	doi = {10.1016/j.laa.2011.05.019},
	language = {english},
	number = {2},
	urldate = {2015-07-29},
	journal = {Linear Algebra and its Applications},
	author = {Bolten, Matthias and Thiess, Alexander and Yavneh, Irad and Zeller, Rudolf},
	month = jan,
	year = {2012},
	note = {bibtex: bolten\_preconditioning\_2012},
	pages = {436--446}
}

@article{schie_simulation_2014,
	title = {A {Simulation} {Study} of {Oxygen}-{Vacancy} {Behavior} in {Strontium} {Titanate}: {Beyond} {Nearest}-{Neighbor} {Interactions}},
	volume = {118},
	issn = {1932-7447, 1932-7455},
	shorttitle = {A {Simulation} {Study} of {Oxygen}-{Vacancy} {Behavior} in {Strontium} {Titanate}},
	url = {http://pubs.acs.org/doi/abs/10.1021/jp504436t},
	doi = {10.1021/jp504436t},
	language = {english},
	number = {28},
	urldate = {2015-07-29},
	journal = {The Journal of Physical Chemistry C},
	author = {Schie, Marcel and Waser, Rainer and De Souza, Roger A.},
	month = jul,
	year = {2014},
	note = {bibtex: schie\_simulation\_2014},
	pages = {15185--15192}
}

@article{ebert_calculating_2011,
	title = {Calculating condensed matter properties using the {KKR}-{Green}'s function method—recent developments and applications},
	volume = {74},
	issn = {0034-4885, 1361-6633},
	url = {http://stacks.iop.org/0034-4885/74/i=9/a=096501?key=crossref.c843322550e8db779454bc297bae2586},
	doi = {10.1088/0034-4885/74/9/096501},
	number = {9},
	urldate = {2015-07-29},
	journal = {Reports on Progress in Physics},
	author = {Ebert, H and Ködderitzsch, D and Minár, J},
	month = sep,
	year = {2011},
	note = {bibtex: ebert\_calculating\_2011},
	pages = {096501}
}

@article{ebert_scattering_1988,
	title = {On the scattering solutions to the {Dirac} equation for non-spherically-symmetric targets},
	volume = {18},
	issn = {0305-4608},
	url = {http://stacks.iop.org/0305-4608/18/i=3/a=015?key=crossref.8f296490cc06e341c643485ef4d0176c},
	doi = {10.1088/0305-4608/18/3/015},
	number = {3},
	urldate = {2015-07-29},
	journal = {Journal of Physics F: Metal Physics},
	author = {Ebert, H and Gyorffy, B L},
	month = mar,
	year = {1988},
	note = {bibtex: ebert\_scattering\_1988},
	pages = {451--455}
}

@article{perdew_restoring_2008,
	title = {Restoring the {Density}-{Gradient} {Expansion} for {Exchange} in {Solids} and {Surfaces}},
	volume = {100},
	issn = {0031-9007, 1079-7114},
	url = {http://link.aps.org/doi/10.1103/PhysRevLett.100.136406},
	doi = {10.1103/PhysRevLett.100.136406},
	language = {english},
	number = {13},
	urldate = {2015-11-12},
	journal = {Physical Review Letters},
	author = {Perdew, John P. and Ruzsinszky, Adrienn and Csonka, Gábor I. and Vydrov, Oleg A. and Scuseria, Gustavo E. and Constantin, Lucian A. and Zhou, Xiaolan and Burke, Kieron},
	month = apr,
	year = {2008},
	note = {bibtex: perdew\_restoring\_2008}
}

@article{zeller_improving_2008,
	title = {Improving the charge density normalization in {Korringa}–{Kohn}–{Rostoker} {Green}-function calculations},
	volume = {20},
	issn = {0953-8984, 1361-648X},
	url = {http://stacks.iop.org/0953-8984/20/i=3/a=035220?key=crossref.0a91c2e106f60937090d8202aedf8737},
	doi = {10.1088/0953-8984/20/03/035220},
	number = {3},
	urldate = {2015-11-12},
	journal = {Journal of Physics: Condensed Matter},
	author = {Zeller, Rudolf},
	month = jan,
	year = {2008},
	note = {bibtex: zeller\_improving\_2008},
	pages = {035220}
}

@book{blugel_electronic_2010,
	address = {Jülich},
	series = {Schriften des {Forschungszentrums} {Jülich} {Reihe} {Schlüsseltechnologien}},
	title = {Electronic oxides - correlation phanomena, exotic phases and novel functionalities ; lecture notes of the 41st {Spring} {School} 2010},
	isbn = {978-3-89336-609-5},
	language = {english},
	number = {13},
	publisher = {Forschungszentrum, Zentralbibliothek},
	editor = {Blügel, Stefan and {Kernforschungsanlage Jülich}},
	year = {2010},
	note = {bibtex: blugel\_electronic\_2010},
	keywords = {Physikalische Eigenschaft, Übergangsmetalloxide},
	annote = {Literaturangaben}
}

@book{blugel_computing_2014,
	address = {Jülich},
	series = {Schriften des {Forschungszentrums} {Jülich} {Reihe} {Schlüsseltechnologien}},
	title = {Computing solids: models, ab-initio methods and supercomputing ; lecture notes of the 45th {IFF} {Spring} {Schoool} 2014, on {March} 10 - 21, 2014},
	isbn = {978-3-89336-912-6},
	shorttitle = {Computing solids},
	language = {english},
	number = {Bd. 74},
	publisher = {Forschungszentrum Jülich GmbH},
	editor = {Blügel, Stefan and {Institute for Advanced Simulation} and {Peter Grünberg Institut}},
	year = {2014},
	note = {bibtex: blugel\_computing\_2014},
	keywords = {Computersimulation, Festkörperphysik, Kongress, Mathematisches Modell},
	annote = {Literaturangaben},
	file = {Table of Contents PDF:/Users/borne/Library/Application Support/Zotero/Profiles/d2gmjeo5.default/zotero/storage/R7BKBCMD/Blügel et al. - 2014 - Computing solids models, ab-initio methods and su.pdf:application/pdf}
}

@article{marrocchelli_dislocations_2015,
	title = {Dislocations in {SrTiO} $_{\textrm{3}}$ : {Easy} {To} {Reduce} but {Not} so {Fast} for {Oxygen} {Transport}},
	volume = {137},
	issn = {0002-7863, 1520-5126},
	shorttitle = {Dislocations in {SrTiO} $_{\textrm{3}}$},
	url = {http://pubs.acs.org/doi/abs/10.1021/ja513176u},
	doi = {10.1021/ja513176u},
	language = {english},
	number = {14},
	urldate = {2015-07-29},
	journal = {Journal of the American Chemical Society},
	author = {Marrocchelli, Dario and Sun, Lixin and Yildiz, Bilge},
	month = apr,
	year = {2015},
	note = {bibtex: marrocchelli\_dislocations\_2015},
	pages = {4735--4748}
}

@article{zeller_elementary_2004,
	title = {An elementary derivation of {Lloyd} s formula valid for full-potential multiple-scattering theory},
	volume = {16},
	issn = {0953-8984, 1361-648X},
	url = {http://stacks.iop.org/0953-8984/16/i=36/a=011?key=crossref.f1f99cce4a52740c8c1b51188046c5c8},
	doi = {10.1088/0953-8984/16/36/011},
	number = {36},
	urldate = {2015-07-29},
	journal = {Journal of Physics: Condensed Matter},
	author = {Zeller, Rudolf},
	month = sep,
	year = {2004},
	note = {bibtex: zeller\_elementary\_2004},
	pages = {6453--6468}
}

@article{asato_full-potential_1999,
	title = {Full-potential {KKR} calculations for metals and semiconductors},
	volume = {60},
	issn = {0163-1829, 1095-3795},
	url = {http://link.aps.org/doi/10.1103/PhysRevB.60.5202},
	doi = {10.1103/PhysRevB.60.5202},
	language = {english},
	number = {8},
	urldate = {2015-07-29},
	journal = {Physical Review B},
	author = {Asato, M. and Settels, A. and Hoshino, T. and Asada, T. and Blügel, S. and Zeller, R. and Dederichs, P. H.},
	month = aug,
	year = {1999},
	note = {bibtex: asato\_fullpotential\_1999},
	pages = {5202--5210}
}

@article{korhonen_lattice_2000,
	title = {Lattice relaxations and hyperfine fields of heavy impurities in {Fe}},
	volume = {62},
	issn = {0163-1829, 1095-3795},
	url = {http://link.aps.org/doi/10.1103/PhysRevB.62.452},
	doi = {10.1103/PhysRevB.62.452},
	language = {english},
	number = {1},
	urldate = {2015-07-29},
	journal = {Physical Review B},
	author = {Korhonen, T. and Settels, A. and Papanikolaou, N. and Zeller, R. and Dederichs, P. H.},
	month = jul,
	year = {2000},
	note = {bibtex: korhonen\_lattice\_2000},
	pages = {452--460}
}

@book{matloff_art_2008,
	address = {San Francisco},
	title = {The art of debugging with {GDB}, {DDD}, and {Eclipse}},
	isbn = {978-1-59327-174-9 978-1-59327-002-5},
	publisher = {No Starch Press},
	author = {Matloff, Norman S. and Salzman, Peter Jay},
	year = {2008},
	note = {bibtex: matloff\_art\_2008},
	keywords = {Computer software, Debugging in computer science, Quality control},
	annote = {Includes index}
}

@book{ashcroft_festkorperphysik_2007,
	address = {München},
	edition = {3., verb. Aufl},
	title = {Festkörperphysik},
	isbn = {978-3-486-58273-4},
	language = {ger},
	publisher = {Oldenbourg},
	author = {Ashcroft, Neil W. and Mermin, David N.},
	year = {2007},
	note = {bibtex: ashcroft\_festkorperphysik\_2007},
	keywords = {Festkörperphysik, Lehrbuch, Solid state physics},
	file = {Table of Contents PDF:/Users/borne/Library/Application Support/Zotero/Profiles/d2gmjeo5.default/zotero/storage/4MSJZ8J6/Ashcroft and Mermin - 2007 - Festkörperphysik.pdf:application/pdf}
}

@article{olechnovic_voronota:_2014,
	title = {Voronota: {A} fast and reliable tool for computing the vertices of the {Voronoi} diagram of atomic balls},
	volume = {35},
	issn = {01928651},
	shorttitle = {Voronota},
	url = {http://doi.wiley.com/10.1002/jcc.23538},
	doi = {10.1002/jcc.23538},
	language = {english},
	number = {8},
	urldate = {2016-01-07},
	journal = {Journal of Computational Chemistry},
	author = {Olechnovič, Kliment and Venclovas, Česlovas},
	month = mar,
	year = {2014},
	pages = {672--681}
}

@article{jones_density_2015,
	title = {Density functional theory: {Its} origins, rise to prominence, and future},
	volume = {87},
	issn = {0034-6861, 1539-0756},
	shorttitle = {Density functional theory},
	url = {http://link.aps.org/doi/10.1103/RevModPhys.87.897},
	doi = {10.1103/RevModPhys.87.897},
	language = {english},
	number = {3},
	urldate = {2015-11-12},
	journal = {Reviews of Modern Physics},
	author = {Jones, R. O.},
	month = aug,
	year = {2015},
	note = {bibtex: jones\_density\_2015},
	pages = {897--923}
}

@book{hohler_storstellenkomplexe_2003,
	title = {Störstellenkomplexe in {Halbleitern}: {Elektronenstruktur} und {Hyperfeineigenschaften}},
	author = {Höhler, Holger},
	year = {2003},
	note = {bibtex: hohler\_storstellenkomplexe\_2003},
	file = {PhD_Hoehler.pdf:/Users/borne/Library/Application Support/Zotero/Profiles/d2gmjeo5.default/zotero/storage/AAI22WE4/PhD_Hoehler.pdf:application/pdf}
}

@article{alam_accurate_2011,
	title = {Accurate and fast numerical solution of {Poisson}'s equation for arbitrary, space-filling {Voronoi} polyhedra: {Near}-field corrections revisited},
	volume = {84},
	issn = {1098-0121, 1550-235X},
	shorttitle = {Accurate and fast numerical solution of {Poisson}'s equation for arbitrary, space-filling {Voronoi} polyhedra},
	url = {http://link.aps.org/doi/10.1103/PhysRevB.84.205106},
	doi = {10.1103/PhysRevB.84.205106},
	language = {english},
	number = {20},
	urldate = {2015-10-08},
	journal = {Physical Review B},
	author = {Alam, Aftab and Wilson, Brian G. and Johnson, D. D.},
	month = nov,
	year = {2011},
	note = {bibtex: alam\_accurate\_2011}
}

@article{perdew_generalized_1996,
	title = {Generalized {Gradient} {Approximation} {Made} {Simple}},
	volume = {77},
	issn = {0031-9007, 1079-7114},
	url = {http://link.aps.org/doi/10.1103/PhysRevLett.77.3865},
	doi = {10.1103/PhysRevLett.77.3865},
	language = {english},
	number = {18},
	urldate = {2015-11-12},
	journal = {Physical Review Letters},
	author = {Perdew, John P. and Burke, Kieron and Ernzerhof, Matthias},
	month = oct,
	year = {1996},
	note = {bibtex: perdew\_generalized\_1996},
	pages = {3865--3868}
}

@article{kohn_self-consistent_1965,
	title = {Self-{Consistent} {Equations} {Including} {Exchange} and {Correlation} {Effects}},
	volume = {140},
	issn = {0031-899X},
	url = {http://link.aps.org/doi/10.1103/PhysRev.140.A1133},
	doi = {10.1103/PhysRev.140.A1133},
	language = {english},
	number = {4A},
	urldate = {2015-11-12},
	journal = {Physical Review},
	author = {Kohn, W. and Sham, L. J.},
	month = nov,
	year = {1965},
	note = {bibtex: kohn\_selfconsistent\_1965},
	pages = {A1133--A1138}
}

@article{perdew_atoms_1992,
	title = {Atoms, molecules, solids, and surfaces: {Applications} of the generalized gradient approximation for exchange and correlation},
	volume = {46},
	issn = {0163-1829, 1095-3795},
	shorttitle = {Atoms, molecules, solids, and surfaces},
	url = {http://link.aps.org/doi/10.1103/PhysRevB.46.6671},
	doi = {10.1103/PhysRevB.46.6671},
	language = {english},
	number = {11},
	urldate = {2015-11-13},
	journal = {Physical Review B},
	author = {Perdew, John P. and Chevary, J. A. and Vosko, S. H. and Jackson, Koblar A. and Pederson, Mark R. and Singh, D. J. and Fiolhais, Carlos},
	month = sep,
	year = {1992},
	note = {bibtex: perdew\_atoms\_1992},
	pages = {6671--6687}
}

@article{himmetoglu_hubbard-corrected_2014,
	title = {Hubbard-corrected {DFT} energy functionals: {The} {LDA}+{U} description of correlated systems},
	volume = {114},
	issn = {00207608},
	shorttitle = {Hubbard-corrected {DFT} energy functionals},
	url = {http://doi.wiley.com/10.1002/qua.24521},
	doi = {10.1002/qua.24521},
	language = {english},
	number = {1},
	urldate = {2015-11-15},
	journal = {International Journal of Quantum Chemistry},
	author = {Himmetoglu, Burak and Floris, Andrea and de Gironcoli, Stefano and Cococcioni, Matteo},
	month = jan,
	year = {2014},
	note = {bibtex: himmetoglu\_hubbardcorrected\_2014},
	pages = {14--49}
}

@article{haas_calculation_2009,
	title = {Calculation of the lattice constant of solids with semilocal functionals},
	volume = {79},
	issn = {1098-0121, 1550-235X},
	url = {http://link.aps.org/doi/10.1103/PhysRevB.79.085104},
	doi = {10.1103/PhysRevB.79.085104},
	language = {english},
	number = {8},
	urldate = {2015-11-18},
	journal = {Physical Review B},
	author = {Haas, Philipp and Tran, Fabien and Blaha, Peter},
	month = feb,
	year = {2009}
}

@article{oroszlany_magnetism_2015,
	title = {Magnetism of {Gadolinium}: {A} {First}-{Principles} {Perspective}},
	volume = {115},
	issn = {0031-9007, 1079-7114},
	shorttitle = {Magnetism of {Gadolinium}},
	url = {http://link.aps.org/doi/10.1103/PhysRevLett.115.096402},
	doi = {10.1103/PhysRevLett.115.096402},
	language = {english},
	number = {9},
	urldate = {2015-11-18},
	journal = {Physical Review Letters},
	author = {Oroszlány, L. and Deák, A. and Simon, E. and Khmelevskyi, S. and Szunyogh, L.},
	month = aug,
	year = {2015}
}

@article{fukushima_hubbard_2014,
	title = {Hubbard \textit{{U}} calculations for gap states in dilute magnetic semiconductors},
	volume = {26},
	issn = {0953-8984, 1361-648X},
	url = {http://stacks.iop.org/0953-8984/26/i=27/a=274202?key=crossref.f0f0f1827cae9dcd4c81f02ef7b0b488},
	doi = {10.1088/0953-8984/26/27/274202},
	number = {27},
	urldate = {2015-11-19},
	journal = {Journal of Physics: Condensed Matter},
	author = {Fukushima, T and Katayama-Yoshida, H and Sato, K and Bihlmayer, G and Mavropoulos, P and Bauer, D S G and Zeller, R and Dederichs, P H},
	month = jul,
	year = {2014},
	pages = {274202}
}

@article{hohenberg_inhomogeneous_1964,
	title = {Inhomogeneous {Electron} {Gas}},
	volume = {136},
	issn = {0031-899X},
	url = {http://link.aps.org/doi/10.1103/PhysRev.136.B864},
	doi = {10.1103/PhysRev.136.B864},
	language = {english},
	number = {3B},
	urldate = {2016-02-16},
	journal = {Physical Review},
	author = {Hohenberg, P. and Kohn, W.},
	month = nov,
	year = {1964},
	pages = {B864--B871}
}

@article{oswald_interaction_1986,
	title = {Interaction of local moments in {Cu}},
	volume = {54-57},
	issn = {03048853},
	url = {http://linkinghub.elsevier.com/retrieve/pii/0304885386908024},
	doi = {10.1016/0304-8853(86)90802-4},
	language = {english},
	urldate = {2016-05-13},
	journal = {Journal of Magnetism and Magnetic Materials},
	author = {Oswald, A. and Zeller, R. and Dederichs, P.H.},
	month = feb,
	year = {1986},
	pages = {1247--1248}
}

@article{mermin_thermal_1965,
	title = {Thermal {Properties} of the {Inhomogeneous} {Electron} {Gas}},
	volume = {137},
	issn = {0031-899X},
	url = {http://link.aps.org/doi/10.1103/PhysRev.137.A1441},
	doi = {10.1103/PhysRev.137.A1441},
	language = {english},
	number = {5A},
	urldate = {2016-02-16},
	journal = {Physical Review},
	author = {Mermin, N. David},
	month = mar,
	year = {1965},
	pages = {A1441--A1443}
}

@article{blugel_hyperfine_1987,
	title = {Hyperfine fields of 3 \textit{d} and 4 \textit{d} impurities in nickel},
	volume = {35},
	issn = {0163-1829},
	url = {http://link.aps.org/doi/10.1103/PhysRevB.35.3271},
	doi = {10.1103/PhysRevB.35.3271},
	language = {english},
	number = {7},
	urldate = {2016-03-24},
	journal = {Physical Review B},
	author = {Blügel, S. and Akai, H. and Zeller, R. and Dederichs, P. H.},
	month = mar,
	year = {1987},
	pages = {3271--3283}
}

@article{makar_formate_1975,
	title = {Formate assay in body fluids: application in methanol poisoning},
	volume = {13},
	issn = {0006-2944},
	shorttitle = {Formate assay in body fluids},
	language = {english},
	number = {2},
	journal = {Biochemical Medicine},
	author = {Makar, A. B. and McMartin, K. E. and Palese, M. and Tephly, T. R.},
	month = jun,
	year = {1975},
	pmid = {1},
	keywords = {Aldehyde Oxidoreductases, Animals, Body Fluids, Carbon Dioxide, Formates, Haplorhini, Humans, Hydrogen-Ion Concentration, Kinetics, Methanol, Methods, Pseudomonas},
	pages = {117--126}
}

@article{stellwagen_stabilization_1975,
	title = {Stabilization of the globular structure of ferricytochrome c by chloride in acidic solvents},
	volume = {14},
	issn = {0006-2960},
	abstract = {Increasing concentrations of chloride were found to increase the resolution between two visible absorbance spectral transitions associated with acidification of ferricytochrome c. Analysis of a variety of spectral and viscosity measurements indicates that protonation of a single group having an apparent pK of 2.1 +/- 0.2 and an intrinsic pK of about 5.3 displaces the methionine ligand without significantly perturbing the native globular conformation. Analysis of methylated ferricytochrome c suggests that protonation of a carboxylate ion, most likely a heme propionate residue, is responsible for displacement of the methionine ligand. Addition of a proton to a second group having an apparent pK of 1.2 +/- 0.1 displaces the histidine ligand and unfolds the protein from a globular conformation into a random coil. It is most likely that the second protonation occurs on the imidazole ring of the histidine ligand itself. Chloride is proposed to perturb these transitions by ligation in the fifth coordination position of the heme ion. Such ligation stabilizes a globular conformation of ferricytochrome c at pH 0.0 and 25 degrees.},
	language = {english},
	number = {23},
	journal = {Biochemistry},
	author = {Stellwagen, E. and Babul, J.},
	month = nov,
	year = {1975},
	pmid = {41},
	keywords = {Animals, Binding Sites, Chlorides, Cytochrome c Group, Horses, Hydrogen-Ion Concentration, Kinetics, Mathematics, Myocardium, Protein Binding, Protein Conformation, Solvents, Spectrophotometry, Viscosity},
	pages = {5135--5140}
}

@article{mihalakis_antibodies_1976,
	title = {Antibodies to histones and histone-histone complexes: immunochemical evidence for secondary structure in histone 1},
	volume = {192},
	issn = {0036-8075},
	shorttitle = {Antibodies to histones and histone-histone complexes},
	abstract = {Highly specific antibodies were raised to histone 1 (H 1) and the histone complexes H32-H42 AND H2A-H2B, isolated by salt extraction. Antibody to H1 could detect irreversible conformational changes in acid- or urea-treated H1. The antibodies showed different reactivities with chromosomes as compared to antibodies in acid-extracted histones and should be useful in studies of native chromatin and chromosome structure.},
	language = {english},
	number = {4238},
	journal = {Science (New York, N.Y.)},
	author = {Mihalakis, N. and Miller, O. J. and Erlanger, B. F.},
	month = apr,
	year = {1976},
	pmid = {3853},
	keywords = {Antibodies, Antibody Specificity, Histones, Hydrogen-Ion Concentration, Urea},
	pages = {469--471}
}

@article{meshcheriakova_large_2014,
	title = {Large {Noncollinearity} and {Spin} {Reorientation} in the {Novel} {Mn} 2 {RhSn} {Heusler} {Magnet}},
	volume = {113},
	issn = {0031-9007, 1079-7114},
	url = {http://link.aps.org/doi/10.1103/PhysRevLett.113.087203},
	doi = {10.1103/PhysRevLett.113.087203},
	language = {english},
	number = {8},
	urldate = {2016-10-18},
	journal = {Physical Review Letters},
	author = {Meshcheriakova, O. and Chadov, S. and Nayak, A. K. and Rößler, U. K. and Kübler, J. and André, G. and Tsirlin, A. A. and Kiss, J. and Hausdorf, S. and Kalache, A. and Schnelle, W. and Nicklas, M. and Felser, C.},
	month = aug,
	year = {2014}
}

@article{liechtenstein_local_1987,
	title = {Local spin density functional approach to the theory of exchange interactions in ferromagnetic metals and alloys},
	volume = {67},
	issn = {03048853},
	url = {http://linkinghub.elsevier.com/retrieve/pii/0304885387907219},
	doi = {10.1016/0304-8853(87)90721-9},
	language = {english},
	number = {1},
	urldate = {2016-11-07},
	journal = {Journal of Magnetism and Magnetic Materials},
	author = {Liechtenstein, A.I. and Katsnelson, M.I. and Antropov, V.P. and Gubanov, V.A.},
	month = may,
	year = {1987},
	pages = {65--74}
}

@article{kubler_magnetic_1981,
	title = {Magnetic moments of ferromagnetic and antiferromagnetic bcc and fcc iron},
	volume = {81},
	issn = {03759601},
	url = {http://linkinghub.elsevier.com/retrieve/pii/037596018190311X},
	doi = {10.1016/0375-9601(81)90311-X},
	language = {english},
	number = {1},
	urldate = {2016-11-07},
	journal = {Physics Letters A},
	author = {Kübler, J.},
	month = jan,
	year = {1981},
	pages = {81--83}
}

@incollection{dutot_addressing_2016,
	address = {Cham},
	title = {Addressing {Materials} {Science} {Challenges} {Using} {GPU}-accelerated {POWER}8 {Nodes}},
	volume = {9833},
	isbn = {978-3-319-43658-6 978-3-319-43659-3},
	url = {http://link.springer.com/10.1007/978-3-319-43659-3_6},
	urldate = {2016-11-08},
	booktitle = {Euro-{Par} 2016: {Parallel} {Processing}},
	publisher = {Springer International Publishing},
	author = {Baumeister, Paul F. and Bornemann, Marcel and Bühler, Markus and Hater, Thorsten and Krill, Benjamin and Pleiter, Dirk and Zeller, Rudolf},
	editor = {Dutot, Pierre-François and Trystram, Denis},
	year = {2016},
	pages = {77--89}
}

@article{gayles_dzyaloshinskii-moriya_2015,
	title = {Dzyaloshinskii-{Moriya} {Interaction} and {Hall} {Effects} in the {Skyrmion} {Phase} of {Mn} 1 − x {Fe} x {Ge}},
	volume = {115},
	issn = {0031-9007, 1079-7114},
	url = {http://link.aps.org/doi/10.1103/PhysRevLett.115.036602},
	doi = {10.1103/PhysRevLett.115.036602},
	language = {english},
	number = {3},
	urldate = {2016-11-24},
	journal = {Physical Review Letters},
	author = {Gayles, J. and Freimuth, F. and Schena, T. and Lani, G. and Mavropoulos, P. and Duine, R. A. and Blügel, S. and Sinova, J. and Mokrousov, Y.},
	month = jul,
	year = {2015}
}

@article{grigoriev_interplay_2010,
	title = {Interplay between crystalline chirality and magnetic structure in {Mn} 1 − x {Fe} x {Si}},
	volume = {81},
	issn = {1098-0121, 1550-235X},
	url = {http://link.aps.org/doi/10.1103/PhysRevB.81.012408},
	doi = {10.1103/PhysRevB.81.012408},
	language = {english},
	number = {1},
	urldate = {2016-11-24},
	journal = {Physical Review B},
	author = {Grigoriev, S. V. and Chernyshov, D. and Dyadkin, V. A. and Dmitriev, V. and Moskvin, E. V. and Lamago, D. and Wolf, Th. and Menzel, D. and Schoenes, J. and Maleyev, S. V. and Eckerlebe, H.},
	month = jan,
	year = {2010}
}

@article{dmitriev_chiral_2012,
	title = {A chiral link between structure and magnetism in {MnSi}},
	volume = {24},
	issn = {0953-8984, 1361-648X},
	url = {http://stacks.iop.org/0953-8984/24/i=36/a=366005?key=crossref.bd82d2b02b5d063a474dc9fe1a3fccfb},
	doi = {10.1088/0953-8984/24/36/366005},
	number = {36},
	urldate = {2016-11-24},
	journal = {Journal of Physics: Condensed Matter},
	author = {Dmitriev, V and Chernyshov, D and Grigoriev, S and Dyadkin, V},
	month = sep,
	year = {2012},
	pages = {366005}
}

@book{lounis_theory_2007,
	address = {Jülich},
	series = {Schriften des {Forschungszentrums} {Jülich} {Materie} und {Material}},
	title = {Theory of magnetic transition metal nanoclusters on surfaces},
	isbn = {978-3-89336-501-2},
	language = {english},
	number = {Bd. 41},
	publisher = {Forschungszentrum, Zentralbibliothek},
	author = {Lounis, Samir},
	year = {2007},
	note = {OCLC: 213396465},
	keywords = {Dichtefunktionalformalismus, Kristallfläche, Metallcluster, Übergangsmetall},
	annote = {Zugl.: Aachen, Techn. Hochsch., Diss., 2007}
}

@book{bauer_development_2014,
	address = {Jülich},
	series = {Schriften des {Forschungszentrums} {Jülich} {Reihe} {Schlüsseltechnologien}},
	title = {Development of a relativistic full-potential first-principles multiple scattering {Green} function method applied to complex magnetic textures of nano structures at surfaces},
	isbn = {978-3-89336-934-8},
	language = {english},
	number = {Bd. 79},
	publisher = {Forschungszentrum Jülich},
	author = {Bauer, David Siegfried Georg},
	year = {2014},
	note = {OCLC: 931516104},
	keywords = {Dünne Schicht, Eisen, Green-Funktion, Hochschulschrift, Iridium, KKR-Methode, Kristallfläche, Magnetische Eigenschaft},
	annote = {Zugl.: Aachen, Univ., Diss., 2013},
	file = {Table of Contents PDF:/Users/borne/Library/Application Support/Zotero/Profiles/d2gmjeo5.default/zotero/storage/3WAI8S7M/Bauer - 2014 - Development of a relativistic full-potential first.pdf:application/pdf}
}

@article{davey_precision_1925,
	title = {Precision {Measurements} of the {Lattice} {Constants} of {Twelve} {Common} {Metals}},
	volume = {25},
	issn = {0031-899X},
	url = {http://link.aps.org/doi/10.1103/PhysRev.25.753},
	doi = {10.1103/PhysRev.25.753},
	language = {english},
	number = {6},
	urldate = {2016-11-24},
	journal = {Physical Review},
	author = {Davey, Wheeler P.},
	month = jun,
	year = {1925},
	pages = {753--761}
}

@article{tanigaki_real-space_2015,
	title = {Real-{Space} {Observation} of {Short}-{Period} {Cubic} {Lattice} of {Skyrmions} in {MnGe}},
	volume = {15},
	issn = {1530-6984, 1530-6992},
	url = {http://pubs.acs.org/doi/abs/10.1021/acs.nanolett.5b02653},
	doi = {10.1021/acs.nanolett.5b02653},
	language = {en},
	number = {8},
	urldate = {2016-11-25},
	journal = {Nano Letters},
	author = {Tanigaki, Toshiaki and Shibata, Kiyou and Kanazawa, Naoya and Yu, Xiuzhen and Onose, Yoshinori and Park, Hyun Soon and Shindo, Daisuke and Tokura, Yoshinori},
	month = aug,
	year = {2015},
	pages = {5438--5442}
}

@article{makarova_neutron_2012,
	title = {Neutron diffraction study of the chiral magnet {MnGe}},
	volume = {85},
	issn = {1098-0121, 1550-235X},
	url = {http://link.aps.org/doi/10.1103/PhysRevB.85.205205},
	doi = {10.1103/PhysRevB.85.205205},
	language = {en},
	number = {20},
	urldate = {2016-11-29},
	journal = {Physical Review B},
	author = {Makarova, O. L. and Tsvyashchenko, A. V. and Andre, G. and Porcher, F. and Fomicheva, L. N. and Rey, N. and Mirebeau, I.},
	month = may,
	year = {2012}
}

@article{takizawa_high-pressure_1988,
	title = {High-pressure synthesis and electrical and magnetic properties of {MnGe} and {CoGe} with the cubic {B}20 structure},
	volume = {73},
	issn = {00224596},
	url = {http://linkinghub.elsevier.com/retrieve/pii/0022459688900515},
	doi = {10.1016/0022-4596(88)90051-5},
	language = {en},
	number = {1},
	urldate = {2016-11-29},
	journal = {Journal of Solid State Chemistry},
	author = {Takizawa, H. and Sato, T. and Endo, T. and Shimada, M.},
	month = mar,
	year = {1988},
	pages = {40--46}
}

@article{muhlbauer_skyrmion_2009,
	title = {Skyrmion {Lattice} in a {Chiral} {Magnet}},
	volume = {323},
	issn = {0036-8075, 1095-9203},
	url = {http://www.sciencemag.org/cgi/doi/10.1126/science.1166767},
	doi = {10.1126/science.1166767},
	language = {en},
	number = {5916},
	urldate = {2016-11-29},
	journal = {Science},
	author = {Muhlbauer, S. and Binz, B. and Jonietz, F. and Pfleiderer, C. and Rosch, A. and Neubauer, A. and Georgii, R. and Boni, P.},
	month = feb,
	year = {2009},
	pages = {915--919}
}

@article{kanazawa_large_2011,
	title = {Large {Topological} {Hall} {Effect} in a {Short}-{Period} {Helimagnet} {MnGe}},
	volume = {106},
	issn = {0031-9007, 1079-7114},
	url = {http://link.aps.org/doi/10.1103/PhysRevLett.106.156603},
	doi = {10.1103/PhysRevLett.106.156603},
	language = {en},
	number = {15},
	urldate = {2016-12-07},
	journal = {Physical Review Letters},
	author = {Kanazawa, N. and Onose, Y. and Arima, T. and Okuyama, D. and Ohoyama, K. and Wakimoto, S. and Kakurai, K. and Ishiwata, S. and Tokura, Y.},
	month = apr,
	year = {2011}
}

@article{kanazawa_possible_2012,
	title = {Possible skyrmion-lattice ground state in the {B} 20 chiral-lattice magnet {MnGe} as seen via small-angle neutron scattering},
	volume = {86},
	issn = {1098-0121, 1550-235X},
	url = {http://link.aps.org/doi/10.1103/PhysRevB.86.134425},
	doi = {10.1103/PhysRevB.86.134425},
	language = {en},
	number = {13},
	urldate = {2016-12-07},
	journal = {Physical Review B},
	author = {Kanazawa, N. and Kim, J.-H. and Inosov, D. S. and White, J. S. and Egetenmeyer, N. and Gavilano, J. L. and Ishiwata, S. and Onose, Y. and Arima, T. and Keimer, B. and Tokura, Y.},
	month = oct,
	year = {2012}
}

@article{rosler_ab_2012,
	title = {Ab initio study on magnetism and pressure-induced transitions in cubic {MnGe}},
	volume = {391},
	issn = {1742-6588, 1742-6596},
	url = {http://stacks.iop.org/1742-6596/391/i=1/a=012104?key=crossref.9ba84357a3985f4c8665e496661507bb},
	doi = {10.1088/1742-6596/391/1/012104},
	urldate = {2016-12-07},
	journal = {Journal of Physics: Conference Series},
	author = {Rößler, U K},
	month = dec,
	year = {2012},
	pages = {012104}
}

@article{ditusa_magnetic_2014,
	title = {Magnetic, thermodynamic, and electrical transport properties of the noncentrosymmetric {B} 20 germanides {MnGe} and {CoGe}},
	volume = {90},
	issn = {1098-0121, 1550-235X},
	url = {http://link.aps.org/doi/10.1103/PhysRevB.90.144404},
	doi = {10.1103/PhysRevB.90.144404},
	language = {en},
	number = {14},
	urldate = {2016-12-07},
	journal = {Physical Review B},
	author = {DiTusa, J. F. and Zhang, S. B. and Yamaura, K. and Xiong, Y. and Prestigiacomo, J. C. and Fulfer, B. W. and Adams, P. W. and Brickson, M. I. and Browne, D. A. and Capan, C. and Fisk, Z. and Chan, Julia Y.},
	month = oct,
	year = {2014}
}

@article{nagaosa_topological_2013,
	title = {Topological properties and dynamics of magnetic skyrmions},
	volume = {8},
	issn = {1748-3387, 1748-3395},
	url = {http://www.nature.com/doifinder/10.1038/nnano.2013.243},
	doi = {10.1038/nnano.2013.243},
	number = {12},
	urldate = {2016-12-07},
	journal = {Nature Nanotechnology},
	author = {Nagaosa, Naoto and Tokura, Yoshinori},
	month = dec,
	year = {2013},
	pages = {899--911}
}

@article{fert_skyrmions_2013,
	title = {Skyrmions on the track},
	volume = {8},
	issn = {1748-3387, 1748-3395},
	url = {http://www.nature.com/doifinder/10.1038/nnano.2013.29},
	doi = {10.1038/nnano.2013.29},
	number = {3},
	urldate = {2016-12-07},
	journal = {Nature Nanotechnology},
	author = {Fert, Albert and Cros, Vincent and Sampaio, João},
	month = mar,
	year = {2013},
	pages = {152--156}
}

@book{liu_skyrmions:_2017,
	address = {Boca Raton, FL},
	title = {Skyrmions: topological structures, properties, and applications},
	isbn = {978-1-4987-5388-3},
	shorttitle = {Skyrmions},
	publisher = {CRC Press, Taylor \& Francis Group},
	editor = {Liu, J. Ping and Zhang, Zhidong and Zhao, Guoping},
	year = {2017},
	keywords = {Magnetic materials, Magnetism, Skyrme model, Spintronics, Topology},
	annote = {Includes index},
	annote = {Topology of magnetic domains / Yingying Dai, Han Wang, and Zhidong Zhang -- Experimental observation of magnetic skyrmions / H.B. Luo, W.X. Xia, J.P. Liu -- Resonant x-ray scattering studies on skyrmions / Sujoy Roy, Matthew Langner, and James Lee -- Artificial two-dimensional magnetic skyrmions / Liang Sun, Bingfeng Miao, and Haifeng Ding -- Imaging and tailoring chiral spin textures using spin-polarized electron microscopy / Gong Chen, Andreas Schmid, and Yizheng Wu -- Epitaxial thin films of the cubic B20 chiral magnets / Sunxiang Huang and Chia-Ling Chien -- Formation and stability of individual skyrmions in confined geometries / Haifeng Du, Chiming Jin, and Mingliang Tian -- Magnetic skyrmion dynamics / Felix Büttner and Mathias Kläui -- Skyrmion dynamics in chiral magnets / Shi-Zeng Lin and Jiadong Zang -- Novel topological resonant excitations of coupled skyrmions / Yingying Dai, Han Wang, and Zhidong Zhang -- Skyrmion stability in magnetic nanostructures / C.P. Chui, L. Yang, Wenqing Liu, Yongbing Xu, and Yan Zhou -- Racetrack-type applications of magnetic skyrmions / Xichao Zhang, Jing Xia, G.P. Zhao, Hans Fangohr, Motohiko Ezawa, and Yan Zhou -- Magnetic skyrmion channels: guided motion in potential wells / Wen Siang Lew -- Skyrmions in other condensed matter systems / G.P. Zhao, F.J. Morvan, N. Ran, P. Lai, Jing Xia, Xichao Zhang, and Yan Zhou}
}

@article{grigoriev_chiral_2013,
	title = {Chiral {Properties} of {Structure} and {Magnetism} in {Mn} 1 − x {Fe} x {Ge} {Compounds}: {When} the {Left} and the {Right} are {Fighting}, {Who} {Wins}?},
	volume = {110},
	issn = {0031-9007, 1079-7114},
	shorttitle = {Chiral {Properties} of {Structure} and {Magnetism} in {Mn} 1 − x {Fe} x {Ge} {Compounds}},
	url = {http://link.aps.org/doi/10.1103/PhysRevLett.110.207201},
	doi = {10.1103/PhysRevLett.110.207201},
	language = {en},
	number = {20},
	urldate = {2017-01-12},
	journal = {Physical Review Letters},
	author = {Grigoriev, S. V. and Potapova, N. M. and Siegfried, S.-A. and Dyadkin, V. A. and Moskvin, E. V. and Dmitriev, V. and Menzel, D. and Dewhurst, C. D. and Chernyshov, D. and Sadykov, R. A. and Fomicheva, L. N. and Tsvyashchenko, A. V.},
	month = may,
	year = {2013}
}

@article{thiess_massively_2012,
	title = {Massively parallel density functional calculations for thousands of atoms: {KKRnano}},
	volume = {85},
	issn = {1098-0121, 1550-235X},
	shorttitle = {Massively parallel density functional calculations for thousands of atoms},
	url = {http://link.aps.org/doi/10.1103/PhysRevB.85.235103},
	doi = {10.1103/PhysRevB.85.235103},
	language = {en},
	number = {23},
	urldate = {2017-02-02},
	journal = {Physical Review B},
	author = {Thiess, A. and Zeller, R. and Bolten, M. and Dederichs, P. H. and Blügel, S.},
	month = jun,
	year = {2012}
}

@article{zeller_towards_2008,
	title = {Towards a linear-scaling algorithm for electronic structure calculations with the tight-binding {Korringa}–{Kohn}–{Rostoker} {Green} function method},
	volume = {20},
	issn = {0953-8984, 1361-648X},
	url = {http://stacks.iop.org/0953-8984/20/i=29/a=294215?key=crossref.f83a63ce336f430d59a8d7a96b89d763},
	doi = {10.1088/0953-8984/20/29/294215},
	number = {29},
	urldate = {2017-02-02},
	journal = {Journal of Physics: Condensed Matter},
	author = {Zeller, Rudolf},
	month = jul,
	year = {2008},
	pages = {294215}
}

@article{born_zur_1927,
	title = {Zur {Quantentheorie} der {Molekeln}},
	volume = {389},
	issn = {00033804, 15213889},
	url = {http://doi.wiley.com/10.1002/andp.19273892002},
	doi = {10.1002/andp.19273892002},
	language = {de},
	number = {20},
	urldate = {2017-02-03},
	journal = {Annalen der Physik},
	author = {Born, M. and Oppenheimer, R.},
	year = {1927},
	pages = {457--484}
}

@article{levy_electron_1982,
	title = {Electron densities in search of {Hamiltonians}},
	volume = {26},
	issn = {0556-2791},
	url = {http://link.aps.org/doi/10.1103/PhysRevA.26.1200},
	doi = {10.1103/PhysRevA.26.1200},
	language = {en},
	number = {3},
	urldate = {2017-02-03},
	journal = {Physical Review A},
	author = {Levy, Mel},
	month = sep,
	year = {1982},
	pages = {1200--1208}
}

@article{sakuma_first-principles_2000,
	title = {First-{Principles} {Study} on the {Non}-{Collinear} {Magnetic} {Structures} of {Disordered} {Alloys}},
	volume = {69},
	issn = {0031-9015, 1347-4073},
	url = {http://journals.jps.jp/doi/10.1143/JPSJ.69.3072},
	doi = {10.1143/JPSJ.69.3072},
	language = {en},
	number = {9},
	urldate = {2017-02-22},
	journal = {Journal of the Physical Society of Japan},
	author = {Sakuma, Akimasa},
	month = sep,
	year = {2000},
	pages = {3072--3083}
}

@article{pant_theory_1972,
	title = {Theory of inhomogeneous magnetic electron gas},
	volume = {10},
	issn = {00381098},
	url = {http://linkinghub.elsevier.com/retrieve/pii/0038109872909349},
	doi = {10.1016/0038-1098(72)90934-9},
	language = {en},
	number = {12},
	urldate = {2017-02-24},
	journal = {Solid State Communications},
	author = {Pant, M.M. and Rajagopal, A.K.},
	month = jun,
	year = {1972},
	pages = {1157--1160}
}

@article{barth_local_1972,
	title = {A local exchange-correlation potential for the spin polarized case. i},
	volume = {5},
	issn = {0022-3719},
	url = {http://stacks.iop.org/0022-3719/5/i=13/a=012?key=crossref.6f48d2d3ec1dc97c825923472eb2ba65},
	doi = {10.1088/0022-3719/5/13/012},
	number = {13},
	urldate = {2017-02-24},
	journal = {Journal of Physics C: Solid State Physics},
	author = {Barth, U von and Hedin, L},
	month = jul,
	year = {1972},
	pages = {1629--1642}
}

@article{leonov_multiply_2015,
	title = {Multiply periodic states and isolated skyrmions in an anisotropic frustrated magnet},
	volume = {6},
	issn = {2041-1723},
	url = {http://www.nature.com/doifinder/10.1038/ncomms9275},
	doi = {10.1038/ncomms9275},
	urldate = {2017-03-09},
	journal = {Nature Communications},
	author = {Leonov, A. O. and Mostovoy, M.},
	month = sep,
	year = {2015},
	pages = {8275}
}

@article{ebert_anisotropic_2009,
	title = {Anisotropic exchange coupling in diluted magnetic semiconductors: \textit{{Ab} initio} spin-density functional theory},
	volume = {79},
	issn = {1098-0121, 1550-235X},
	shorttitle = {Anisotropic exchange coupling in diluted magnetic semiconductors},
	url = {http://link.aps.org/doi/10.1103/PhysRevB.79.045209},
	doi = {10.1103/PhysRevB.79.045209},
	language = {en},
	number = {4},
	urldate = {2017-03-14},
	journal = {Physical Review B},
	author = {Ebert, H. and Mankovsky, S.},
	month = jan,
	year = {2009}
}

@article{udvardi_first-principles_2003,
	title = {First-principles relativistic study of spin waves in thin magnetic films},
	volume = {68},
	issn = {0163-1829, 1095-3795},
	url = {http://link.aps.org/doi/10.1103/PhysRevB.68.104436},
	doi = {10.1103/PhysRevB.68.104436},
	language = {en},
	number = {10},
	urldate = {2017-03-14},
	journal = {Physical Review B},
	author = {Udvardi, L. and Szunyogh, L. and Palotás, K. and Weinberger, P.},
	month = sep,
	year = {2003}
}

@article{eisenbach_gpu_2017,
	title = {{GPU} acceleration of the {Locally} {Selfconsistent} {Multiple} {Scattering} code for first principles calculation of the ground state and statistical physics of materials},
	volume = {211},
	issn = {00104655},
	url = {http://linkinghub.elsevier.com/retrieve/pii/S0010465516301953},
	doi = {10.1016/j.cpc.2016.07.013},
	language = {en},
	urldate = {2017-03-29},
	journal = {Computer Physics Communications},
	author = {Eisenbach, Markus and Larkin, Jeff and Lutjens, Justin and Rennich, Steven and Rogers, James H.},
	month = feb,
	year = {2017},
	pages = {2--7}
}

@article{eisenbach_large-scale_2017,
	title = {Large-{Scale} {Calculations} for {Material} {Sciences} {Using} {Accelerators} to {Improve} {Time}- and {Energy}-to-{Solution}},
	volume = {19},
	issn = {1521-9615},
	url = {http://ieeexplore.ieee.org/document/7802509/},
	doi = {10.1109/MCSE.2017.2},
	number = {1},
	urldate = {2017-03-29},
	journal = {Computing in Science \& Engineering},
	author = {Eisenbach, Markus},
	month = jan,
	year = {2017},
	pages = {83--85}
}

@article{aryasetiawan__1998,
	title = {The \textbf{ \textit{{GW}} } method},
	volume = {61},
	issn = {0034-4885, 1361-6633},
	url = {http://stacks.iop.org/0034-4885/61/i=3/a=002?key=crossref.d8a7189933427589b1770cdef968717f},
	doi = {10.1088/0034-4885/61/3/002},
	number = {3},
	urldate = {2017-03-29},
	journal = {Reports on Progress in Physics},
	author = {Aryasetiawan, F and Gunnarsson, O},
	month = mar,
	year = {1998},
	pages = {237--312}
}

@article{dirac_quantum_1928,
	title = {The {Quantum} {Theory} of the {Electron}},
	volume = {117},
	issn = {1364-5021, 1471-2946},
	url = {http://rspa.royalsocietypublishing.org/cgi/doi/10.1098/rspa.1928.0023},
	doi = {10.1098/rspa.1928.0023},
	language = {en},
	number = {778},
	urldate = {2017-04-10},
	journal = {Proceedings of the Royal Society A: Mathematical, Physical and Engineering Sciences},
	author = {Dirac, P. A. M.},
	month = feb,
	year = {1928},
	pages = {610--624}
}

@techreport{brommel_juqueen_2017,
	title = {{JUQUEEN} {Extreme} {Scaling} {Workshop} 2017},
	url = {http://juser.fz-juelich.de/record/828084},
	abstract = {From 23 to 25 January 2017, JSC organised its eighth IBM Blue Gene Extreme Scaling Workshop. The entire 28-rack JUQUEEN Blue Gene/Q was reserved for over 50 hours to allow six selected code teams to investigate and improve the scalability of their applications. Ultimately, all six codes managed to run using the full complement of 458,752 cores (most with over 1.8 million threads). MPAS-A (KIT/NCAR) and the pe rigid body physics engine (FAU) were both able to display strong scalability to 28 racks and thereby become candidates for High-Q Club membership. MPAS-A returned after participating in the 2015 workshop with a higher resolution dataset and substantially improved file I/O using SIONlib to successfully manage its largest ever global atmospheric simulation. While the hydrology simulator ParFlow (UBonn/FZJ-IGB) had recently demonstrated execution scaling to the full JUQUEEN without file writing enabled, during the workshop the focus was investigating file I/O performance which remains a bottleneck. High-Q Club member KKRnano (FZJ-IAS) investigated the scalability of a new solver algorithm developed to handle a million atoms, while the latest version of CPMD was tested with a large 1500-atom system. Both of these quantum materials codes uncovered performance limitations at larger scales. The final code was a prototype multi-compartmental neuronal network simulator, NestMC (JSC SimLab Neuroscience), which compared scalability of different threading implementations. Detailed reports are provided by each code-team, and additional comparative analysis to the 28 High-Q Club member codes.},
	author = {Brömmel, Dirk and Frings, Wolfgang and Wylie, Brian J. N.},
	year = {2017},
	pages = {47 pp.}
}

@inproceedings{bornemann_investigation_2017,
	title = {Investigation of three-dimensional skyrmion structure of {MnGe} from first-principles},
	url = {http://juser.fz-juelich.de/record/827523},
	publisher = {Frühjahrstagung der Deutschen Physikalischen Gesellschaft, Dresden (Germany), 19 Mar 2017 - 24 Mar 2017},
	author = {Bornemann, Marcel and Baumeister, Paul F. and Kovacik, Roman and Zimmermann, Bernd and Mavropoulos, Phivos and Lounis, Samir and Kiselev, Nikolai and Dederichs, Peter H. and Zeller, Rudolf and Blügel, Stefan},
	month = mar,
	year = {2017}
}

@article{kanazawa_variation_2016,
	title = {Variation of spin–orbit coupling and related properties in skyrmionic system {Mn}\$\{\}\_\{1{\textbackslash}mbox\{--\}x\}\${Fe} $_{\textrm{ \textit{x} }}$ {Ge}},
	volume = {18},
	issn = {1367-2630},
	url = {http://stacks.iop.org/1367-2630/18/i=4/a=045006?key=crossref.d2ed28f84af5fda1f5e5fc30135790b3},
	doi = {10.1088/1367-2630/18/4/045006},
	number = {4},
	urldate = {2017-04-15},
	journal = {New Journal of Physics},
	author = {Kanazawa, N and Shibata, K and Tokura, Y},
	month = apr,
	year = {2016},
	pages = {045006}
}

@article{ahmed_molecular_2017,
	title = {Molecular beam epitaxy growth of [{CrGe}/{MnGe}/{FeGe}] superlattices: {Toward} artificial {B}20 skyrmion materials with tunable interactions},
	volume = {467},
	issn = {00220248},
	shorttitle = {Molecular beam epitaxy growth of [{CrGe}/{MnGe}/{FeGe}] superlattices},
	url = {http://linkinghub.elsevier.com/retrieve/pii/S0022024817301677},
	doi = {10.1016/j.jcrysgro.2017.03.012},
	language = {en},
	urldate = {2017-04-18},
	journal = {Journal of Crystal Growth},
	author = {Ahmed, Adam S. and Esser, Bryan D. and Rowland, James and McComb, David W. and Kawakami, Roland K.},
	month = jun,
	year = {2017},
	pages = {38--46}
}

@article{kulikov_spin_1997,
	title = {Spin polarization of disordered {Fe}-{Cr} and {Fe}-{Mn} alloys},
	volume = {55},
	issn = {0163-1829, 1095-3795},
	url = {https://link.aps.org/doi/10.1103/PhysRevB.55.3533},
	doi = {10.1103/PhysRevB.55.3533},
	language = {en},
	number = {6},
	urldate = {2017-04-20},
	journal = {Physical Review B},
	author = {Kulikov, N. I. and Demangeat, C.},
	month = feb,
	year = {1997},
	pages = {3533--3542}
}

@article{shibata_temperature_2017,
	title = {Temperature and {Magnetic} {Field} {Dependence} of the {Internal} and {Lattice} {Structures} of {Skyrmions} by {Off}-{Axis} {Electron} {Holography}},
	volume = {118},
	issn = {0031-9007, 1079-7114},
	url = {https://link.aps.org/doi/10.1103/PhysRevLett.118.087202},
	doi = {10.1103/PhysRevLett.118.087202},
	language = {en},
	number = {8},
	urldate = {2017-04-20},
	journal = {Physical Review Letters},
	author = {Shibata, K. and Kovács, A. and Kiselev, N. S. and Kanazawa, N. and Dunin-Borkowski, R. E. and Tokura, Y.},
	month = feb,
	year = {2017}
}

@article{rozsa_formation_2017,
	title = {Formation and stability of metastable skyrmionic spin structures with various topologies in an ultrathin film},
	volume = {95},
	issn = {2469-9950, 2469-9969},
	url = {https://link.aps.org/doi/10.1103/PhysRevB.95.094423},
	doi = {10.1103/PhysRevB.95.094423},
	language = {en},
	number = {9},
	urldate = {2017-04-20},
	journal = {Physical Review B},
	author = {Rózsa, Levente and Palotás, Krisztián and Deák, András and Simon, Eszter and Yanes, Rocio and Udvardi, László and Szunyogh, László and Nowak, Ulrich},
	month = mar,
	year = {2017}
}

@article{ekholm_structural_2011,
	title = {Structural and magnetic ground-state properties of γ -{FeMn} alloys from \textit{ab initio} calculations},
	volume = {84},
	issn = {1098-0121, 1550-235X},
	url = {https://link.aps.org/doi/10.1103/PhysRevB.84.104423},
	doi = {10.1103/PhysRevB.84.104423},
	language = {en},
	number = {10},
	urldate = {2017-04-24},
	journal = {Physical Review B},
	author = {Ekholm, M. and Abrikosov, I. A.},
	month = sep,
	year = {2011}
}

@article{chen_exotic_2016,
	title = {Exotic skyrmion crystals in chiral magnets with compass anisotropy},
	volume = {6},
	issn = {2045-2322},
	url = {http://www.nature.com/articles/srep29126},
	doi = {10.1038/srep29126},
	language = {en},
	number = {1},
	urldate = {2017-04-25},
	journal = {Scientific Reports},
	author = {Chen, J. P. and Zhang, Dan-Wei and Liu, J. -M.},
	month = sep,
	year = {2016}
}

@article{lezaic_exchange_2013,
	title = {Exchange interactions and local-moment fluctuation corrections in ferromagnets at finite temperatures based on noncollinear density-functional calculations},
	volume = {88},
	issn = {1098-0121, 1550-235X},
	url = {https://link.aps.org/doi/10.1103/PhysRevB.88.134403},
	doi = {10.1103/PhysRevB.88.134403},
	language = {en},
	number = {13},
	urldate = {2017-05-03},
	journal = {Physical Review B},
	author = {Ležaić, Marjana and Mavropoulos, Phivos and Bihlmayer, Gustav and Blügel, Stefan},
	month = oct,
	year = {2013}
}

@article{szunyogh_giant_2009,
	title = {Giant magnetic anisotropy of the bulk antiferromagnets {IrMn} and {IrMn} 3 from first principles},
	volume = {79},
	issn = {1098-0121, 1550-235X},
	url = {https://link.aps.org/doi/10.1103/PhysRevB.79.020403},
	doi = {10.1103/PhysRevB.79.020403},
	language = {en},
	number = {2},
	urldate = {2017-05-10},
	journal = {Physical Review B},
	author = {Szunyogh, L. and Lazarovits, B. and Udvardi, L. and Jackson, J. and Nowak, U.},
	month = jan,
	year = {2009}
}

@article{yaouanc_magnetic_2017,
	title = {Magnetic structure of the {MnGe} helimagnet and representation analysis},
	volume = {95},
	issn = {2469-9950, 2469-9969},
	url = {http://link.aps.org/doi/10.1103/PhysRevB.95.174422},
	doi = {10.1103/PhysRevB.95.174422},
	language = {en},
	number = {17},
	urldate = {2017-05-16},
	journal = {Physical Review B},
	author = {Yaouanc, A. and Dalmas de Réotier, P. and Maisuradze, A. and Roessli, B.},
	month = may,
	year = {2017}
}

@article{martin_magnetic_2016,
	title = {Magnetic ground state and spin fluctuations in {MnGe} chiral magnet as studied by muon spin rotation},
	volume = {93},
	issn = {2469-9950, 2469-9969},
	url = {https://link.aps.org/doi/10.1103/PhysRevB.93.174405},
	doi = {10.1103/PhysRevB.93.174405},
	language = {en},
	number = {17},
	urldate = {2017-05-16},
	journal = {Physical Review B},
	author = {Martin, N. and Deutsch, M. and Bert, F. and Andreica, D. and Amato, A. and Bonfà, P. and De Renzi, R. and Rößler, U. K. and Bonville, P. and Fomicheva, L. N. and Tsvyashchenko, A. V. and Mirebeau, I.},
	month = may,
	year = {2016}
}

@article{kohn_antiferromagnetic_2013,
	title = {The antiferromagnetic structures of {IrMn}3 and their influence on exchange-bias},
	volume = {3},
	issn = {2045-2322},
	url = {http://www.nature.com/articles/srep02412},
	doi = {10.1038/srep02412},
	language = {en},
	number = {1},
	urldate = {2017-05-24},
	journal = {Scientific Reports},
	author = {Kohn, A. and Kovács, A. and Fan, R. and McIntyre, G. J. and Ward, R. C. C. and Goff, J. P.},
	month = dec,
	year = {2013}
}

@article{jin_control_2017,
	title = {Control of morphology and formation of highly geometrically confined magnetic skyrmions},
	volume = {8},
	issn = {2041-1723},
	url = {http://www.nature.com/doifinder/10.1038/ncomms15569},
	doi = {10.1038/ncomms15569},
	urldate = {2017-06-06},
	journal = {Nature Communications},
	author = {Jin, Chiming and Li, Zi-An and Kovács, András and Caron, Jan and Zheng, Fengshan and Rybakov, Filipp N. and Kiselev, Nikolai S. and Du, Haifeng and Blügel, Stefan and Tian, Mingliang and Zhang, Yuheng and Farle, Michael and Dunin-Borkowski, Rafal E},
	month = jun,
	year = {2017},
	pages = {15569}
}

@article{fishman_butyrate-induced_1976,
	title = {Butyrate-induced glycolipid biosynthesis in {HeLa} cells: properties of the induced sialyltransferase},
	volume = {172},
	issn = {0003-9861},
	shorttitle = {Butyrate-induced glycolipid biosynthesis in {HeLa} cells},
	language = {eng},
	number = {2},
	journal = {Archives of Biochemistry and Biophysics},
	author = {Fishman, P. H. and Bradley, R. M. and Henneberry, R. C.},
	month = feb,
	year = {1976},
	pmid = {4022},
	keywords = {Butyrates, Cardiolipins, Enzyme Induction, Glycolipids, HeLa Cells, Hydrogen-Ion Concentration, Kinetics, Sialyltransferases, Surface-Active Agents, Transferases},
	pages = {618--626}
}

@article{fishman_butyrate-induced_1976-1,
	title = {Butyrate-induced glycolipid biosynthesis in {HeLa} cells: properties of the induced sialyltransferase},
	volume = {172},
	issn = {0003-9861},
	shorttitle = {Butyrate-induced glycolipid biosynthesis in {HeLa} cells},
	language = {eng},
	number = {2},
	journal = {Archives of Biochemistry and Biophysics},
	author = {Fishman, P. H. and Bradley, R. M. and Henneberry, R. C.},
	month = feb,
	year = {1976},
	pmid = {4022},
	keywords = {Butyrates, Cardiolipins, Enzyme Induction, Glycolipids, HeLa Cells, Hydrogen-Ion Concentration, Kinetics, Sialyltransferases, Surface-Active Agents, Transferases},
	pages = {618--626}
}

@article{wiesmann_effect_1975,
	title = {Effect of chloroquine on cultured fibroblasts: release of lysosomal hydrolases and inhibition of their uptake},
	volume = {66},
	issn = {1090-2104},
	shorttitle = {Effect of chloroquine on cultured fibroblasts},
	language = {eng},
	number = {4},
	journal = {Biochemical and Biophysical Research Communications},
	author = {Wiesmann, U. N. and DiDonato, S. and Herschkowitz, N. N.},
	month = oct,
	year = {1975},
	pmid = {4},
	keywords = {Biological Transport, Cells, Cultured, Cerebroside-Sulfatase, Chloroquine, Dextrans, Fibroblasts, Glucuronidase, Humans, Leukodystrophy, Metachromatic, Lysosomes, Pinocytosis, Skin, Sulfatases},
	pages = {1338--1343}
}

@article{dobretsov_[relation_1975,
	title = {[{Relation} between fluorescence and circular dichroism of the complex of the fluorescence probe 4-dimethylaminochalcone with serum albumin]},
	volume = {20},
	issn = {0006-3029},
	abstract = {The fluorescence probe(4-dimethylaminochalcone; DMH) was noncovalently linked to human serum albumin (HSA). The variation of pH was due to serum albumin structural changes, which was determined in terms of DMH and HSA fluorescence and CD spectra. Considerable changes of fluorescence and CD spectra were observed at pH 8 and 10, where there is ionization of two more recently titrated tyrosin residues. It is assumed that these two tyrosine residues are in binding region and quench the fluorescence of DMH between pH 4 to 8. Quenching disappears if these residues are ionized (pH greater than 8) or if the protein undergoes the N -F transition (pH less than 4).},
	language = {rus},
	number = {4},
	journal = {Biofizika},
	author = {Dobretsov, G. E. and Kharitonenkov, I. G. and Mishiev, V. E. and Vladimirov, Iu A.},
	month = aug,
	year = {1975},
	pmid = {94},
	keywords = {Chalcone, Circular Dichroism, Humans, Hydrogen-Ion Concentration, Propiophenones, Serum Albumin, Spectrometry, Fluorescence},
	pages = {581--585}
}

@article{baliga_metabolism_1975,
	title = {Metabolism of thymine in tumor tissue: the origins of beta-aminoisobutyric acid},
	volume = {13},
	issn = {0065-2571},
	shorttitle = {Metabolism of thymine in tumor tissue},
	language = {eng},
	journal = {Advances in Enzyme Regulation},
	author = {Baliga, B. S. and Borek, E.},
	year = {1975},
	pmid = {174403},
	keywords = {Age Factors, Aminoisobutyric Acids, Animals, Carcinoma, Hepatocellular, Cell Line, DNA, Liver Neoplasms, Models, Chemical, Rats, RNA, Transfer, Thymidine, Thymine},
	pages = {27--36}
}

@article{scheller_studies_1975,
	title = {Studies on electron transfer between mercury electrode and hemoprotein},
	volume = {412},
	issn = {0006-3002},
	abstract = {The electrochemical behaviour of ferricytochrome c, metmyoglobin and methemoglobin was studied using d.c., a.c. and differential pulse polarography, and controlled potential electrolysis. 1. The three hemoproteins yield d.c. polarographic steps, and peaks in differential pulse polarograms, the height of which is proportional to concentration. The charge transfer is influenced by strong adsorption. 2. The concentration dependence of the a.c. polarograms indicates structural changes in the adsorbed molecules. 3. The reduction products of controlled potential electrolysis of metmyoglobin and methemoglobin have absorption spectra identical with the native control samples. The affinity for oxygen and the cooperativity in hemoglobin are not affected by the reaction at the electrode. 4. The charge transfer proceeds via adsorbed, already reduced, molecules to freely diffusible proteins.},
	language = {eng},
	number = {1},
	journal = {Biochimica Et Biophysica Acta},
	author = {Scheller, F. and Jänchen, M. and Lampe, J. and Prümke, H. J. and Blanck, J. and Palecek, E.},
	month = nov,
	year = {1975},
	pmid = {79},
	keywords = {Binding Sites, Cytochrome c Group, Electrodes, Electron Transport, Hydrogen-Ion Concentration, Mercury, Methemoglobin, Myoglobin, Oxygen, Polarography, Potentiometry, Protein Binding, Spectrophotometry},
	pages = {157--167}
}

@article{altynbaev_hidden_2016,
	title = {Hidden quantum phase transition in {Mn} 1 − x {Fe} x {Ge} evidenced by small-angle neutron scattering},
	volume = {94},
	issn = {2469-9950, 2469-9969},
	url = {https://link.aps.org/doi/10.1103/PhysRevB.94.174403},
	doi = {10.1103/PhysRevB.94.174403},
	language = {en},
	number = {17},
	urldate = {2017-06-09},
	journal = {Physical Review B},
	author = {Altynbaev, E. and Siegfried, S.-A. and Moskvin, E. and Menzel, D. and Dewhurst, C. and Heinemann, A. and Feoktystov, A. and Fomicheva, L. and Tsvyashchenko, A. and Grigoriev, S.},
	month = nov,
	year = {2016}
}

@article{wildberger_fermi-dirac_1995,
	title = {Fermi-{Dirac} distribution in \textit{ab initio} {Green}?s-function calculations},
	volume = {52},
	issn = {0163-1829, 1095-3795},
	shorttitle = {Fermi-{Dirac} distribution in \textit{ab initio} {Green}?},
	url = {https://link.aps.org/doi/10.1103/PhysRevB.52.11502},
	doi = {10.1103/PhysRevB.52.11502},
	language = {en},
	number = {15},
	urldate = {2017-06-27},
	journal = {Physical Review B},
	author = {Wildberger, K. and Lang, P. and Zeller, R. and Dederichs, P. H.},
	month = oct,
	year = {1995},
	pages = {11502--11508}
}

@article{koretsune_control_2015,
	title = {Control of {Dzyaloshinskii}-{Moriya} interaction in {Mn}1?{xFe} x {Ge}: a first-principles study},
	volume = {5},
	issn = {2045-2322},
	shorttitle = {Control of {Dzyaloshinskii}-{Moriya} interaction in {Mn}1?},
	url = {http://www.nature.com/articles/srep13302},
	doi = {10.1038/srep13302},
	language = {en},
	number = {1},
	urldate = {2017-06-29},
	journal = {Scientific Reports},
	author = {Koretsune, Takashi and Nagaosa, Naoto and Arita, Ryotaro},
	month = oct,
	year = {2015}
}

@article{rybakov_new_2015,
	title = {New {Type} of {Stable} {Particlelike} {States} in {Chiral} {Magnets}},
	volume = {115},
	issn = {0031-9007, 1079-7114},
	url = {https://link.aps.org/doi/10.1103/PhysRevLett.115.117201},
	doi = {10.1103/PhysRevLett.115.117201},
	language = {en},
	number = {11},
	urldate = {2017-06-29},
	journal = {Physical Review Letters},
	author = {Rybakov, Filipp N. and Borisov, Aleksandr B. and Blügel, Stefan and Kiselev, Nikolai S.},
	month = sep,
	year = {2015}
}

@article{freund_qmr:_1991,
	title = {{QMR}: a quasi-minimal residual method for non-{Hermitian} linear systems},
	volume = {60},
	issn = {0029-599X, 0945-3245},
	shorttitle = {{QMR}},
	url = {http://link.springer.com/10.1007/BF01385726},
	doi = {10.1007/BF01385726},
	language = {en},
	number = {1},
	urldate = {2017-07-04},
	journal = {Numerische Mathematik},
	author = {Freund, Roland W. and Nachtigal, Noel M.},
	month = dec,
	year = {1991},
	pages = {315--339}
}

@article{verberck_magnetic_2017,
	title = {Magnetic skyrmions: {On} a wedge},
	volume = {13},
	issn = {1745-2473, 1745-2481},
	shorttitle = {Magnetic skyrmions},
	url = {http://www.nature.com/doifinder/10.1038/nphys4200},
	doi = {10.1038/nphys4200},
	number = {7},
	urldate = {2017-07-05},
	journal = {Nature Physics},
	author = {Verberck, Bart},
	month = jul,
	year = {2017},
	pages = {629--629}
}

@article{zeller_application_1982,
	title = {Application of complex energy integration to selfconsistent electronic structure calculations},
	volume = {44},
	issn = {00381098},
	url = {http://linkinghub.elsevier.com/retrieve/pii/0038109882903209},
	doi = {10.1016/0038-1098(82)90320-9},
	language = {en},
	number = {7},
	urldate = {2017-07-06},
	journal = {Solid State Communications},
	author = {Zeller, R. and Deutz, J. and Dederichs, P.H.},
	month = nov,
	year = {1982},
	pages = {993--997}
}

@article{zeller_theory_1995,
	title = {Theory and convergence properties of the screened {Korringa}-{Kohn}-{Rostoker} method},
	volume = {52},
	issn = {0163-1829, 1095-3795},
	url = {https://link.aps.org/doi/10.1103/PhysRevB.52.8807},
	doi = {10.1103/PhysRevB.52.8807},
	language = {en},
	number = {12},
	urldate = {2017-07-06},
	journal = {Physical Review B},
	author = {Zeller, R. and Dederichs, P. H. and Újfalussy, B. and Szunyogh, L. and Weinberger, P.},
	month = sep,
	year = {1995},
	pages = {8807--8812}
}
