
@article{yang_strongly_2015,
	title = {Strongly enhanced oxygen ion transport through samarium-doped {CeO}2 nanopillars in nanocomposite films},
	volume = {6},
	issn = {2041-1723},
	urldate = {2015-10-10},
	journal = {Nature Communications},
	author = {Yang, Sang Mo and Lee, Shinbuhm and Jian, Jie and Zhang, Wenrui and Lu, Ping and Jia, Quanxi and Wang, Haiyan and Won Noh, Tae and Kalinin, Sergei V. and MacManus‐Driscoll, Judith L.},
	month = oct,
	year = {2015},
	note = {bibtex: yang\_strongly\_2015},
	pages = {8588}
}

@article{alam_efficient_2011,
	title = {Efficient isoparametric integration over arbitrary space-filling {Voronoi} polyhedra for electronic structure calculations},
	volume = {84},
	issn = {1098-0121, 1550-235X},
	language = {english},
	urldate = {2015-10-15},
	journal = {Physical Review B},
	author = {Alam, Aftab and Khan, S. N. and Wilson, Brian G. and Johnson, D. D.},
	month = jul,
	year = {2011},
	note = {bibtex: alam\_efficient\_2011}
}

@article{baeumer_spectromicroscopic_2015,
	title = {Spectromicroscopic insights for rational design of redox-based memristive devices},
	volume = {6},
	issn = {2041-1723},
	urldate = {2015-10-22},
	journal = {Nature Communications},
	author = {Baeumer, Christoph and Schmitz, Christoph and Ramadan, Amr H. H. and Du, Hongchu and Skaja, Katharina and Feyer, Vitaliy and Müller, Philipp and Arndt, Benedikt and Jia, Chun-Lin and Mayer, Joachim and De Souza, Roger A. and Michael Schneider, Claus and Waser, Rainer and Dittmann, Regina},
	month = oct,
	year = {2015},
	note = {bibtex: baeumer\_spectromicroscopic\_2015},
	pages = {8610}
}

@article{lejaeghere_error_2014,
	title = {Error {Estimates} for {Solid}-{State} {Density}-{Functional} {Theory} {Predictions}: {An} {Overview} by {Means} of the {Ground}-{State} {Elemental} {Crystals}},
	volume = {39},
	issn = {1040-8436, 1547-6561},
	shorttitle = {Error {Estimates} for {Solid}-{State} {Density}-{Functional} {Theory} {Predictions}},
	language = {english},
	urldate = {2015-10-23},
	journal = {Critical Reviews in Solid State and Materials Sciences},
	author = {Lejaeghere, K. and Van Speybroeck, V. and Van Oost, G. and Cottenier, S.},
	month = jan,
	year = {2014},
	note = {bibtex: lejaeghere\_error\_2014},
	pages = {1--24}
}

@article{zeller_korringakohnrostoker_2015,
	title = {The {Korringa}–{Kohn}–{Rostoker} method with projection potentials: exact result for the density},
	volume = {27},
	issn = {0953-8984, 1361-648X},
	shorttitle = {The {Korringa}–{Kohn}–{Rostoker} method with projection potentials},
	urldate = {2015-07-29},
	journal = {Journal of Physics: Condensed Matter},
	author = {Zeller, Rudolf},
	month = aug,
	year = {2015},
	note = {bibtex: zeller\_korringakohnrostoker\_2015},
	pages = {306301},
	file = {0953-8984_27_30_306301.pdf:/Users/borne/Zotero/storage/5U5H2CFW/0953-8984_27_30_306301.pdf:application/pdf}
}

@book{thies_development_2013,
	address = {Jülich},
	series = {Schriften des {Forschungszentrums} {Jülich} {Reihe} {Schlüsseltechnologien}},
	title = {Development and application of a massively parallel {KKR} {Green} function method for large scale systems},
	isbn = {978-3-89336-906-5},
	language = {eng},
	publisher = {Forschungszentrum Jülich},
	author = {Thieß, Alexander R.},
	year = {2013},
	note = {bibtex: thiess\_development\_2013},
	keywords = {Dichtefunktionalformalismus, KKR-Methode, Massive Parallelität, Galliumnitrid, Dotierung, Gadolinium, Magnetischer Halbleiter, Magnetische Ordnung, Germaniumtellurid, Antimontelluride, Lokalisierter Zustand, Ab-initio-Rechnung, Hochschulschrift},
	annote = {Techn. Hochsch., Diss.--Aachen, 2011},
	file = {Schluesseltech_71.pdf:/Users/borne/Zotero/storage/EI2ZAP46/Schluesseltech_71.pdf:application/pdf}
}

@article{metlenko_dislocations_2014,
	title = {Do dislocations act as atomic autobahns for oxygen in the perovskite oxide {SrTiO} $_{\textrm{3}}$ ?},
	volume = {6},
	issn = {2040-3364, 2040-3372},
	language = {english},
	urldate = {2015-07-29},
	journal = {Nanoscale},
	author = {Metlenko, Veronika and Ramadan, Amr H. H. and Gunkel, Felix and Du, Hongchu and Schraknepper, Henning and Hoffmann-Eifert, Susanne and Dittmann, Regina and Waser, Rainer and De Souza, Roger A.},
	month = aug,
	year = {2014},
	note = {bibtex: metlenko\_dislocations\_2014},
	pages = {12864--12876}
}

@article{zeller_projection_2013,
	title = {Projection potentials and angular momentum convergence of total energies in the full-potential {Korringa}–{Kohn}–{Rostoker} method},
	volume = {25},
	issn = {0953-8984, 1361-648X},
	urldate = {2015-07-29},
	journal = {Journal of Physics: Condensed Matter},
	author = {Zeller, Rudolf},
	month = mar,
	year = {2013},
	note = {bibtex: zeller\_projection\_2013},
	pages = {105505}
}

@article{waser_redox-based_2009,
	title = {Redox-{Based} {Resistive} {Switching} {Memories} - {Nanoionic} {Mechanisms}, {Prospects}, and {Challenges}},
	volume = {21},
	issn = {09359648, 15214095},
	language = {english},
	urldate = {2015-07-29},
	journal = {Advanced Materials},
	author = {Waser, Rainer and Dittmann, Regina and Staikov, Georgi and Szot, Kristof},
	month = jul,
	year = {2009},
	note = {bibtex: waser\_redoxbased\_2009},
	pages = {2632--2663}
}

@book{grotendorst_computational_2006,
	address = {Jülich},
	series = {{NIC} series},
	title = {Computational nanoscience: do it yourself! winter school, 14 - 22 {February} 2006, {Forschungszentrum} {Jülich}, {Germany} ; lecture notes},
	isbn = {978-3-00-017350-9},
	shorttitle = {Computational nanoscience},
	language = {eng},
	publisher = {NIC-Secretariat, Research Centre Jülich},
	editor = {Grotendorst, Johannes and Blügel, Stefan and {John von Neumann-Institut für Computing}},
	year = {2006},
	note = {bibtex: grotendorst\_computational\_2006},
	keywords = {Elektronenstruktur, Computersimulation},
	annote = {Literaturangaben},
	file = {Table of Contents PDF:/Users/borne/Zotero/storage/5P47FBFK/Grotendorst et al. - 2006 - Computational nanoscience do it yourself! winter .pdf:application/pdf}
}

@article{zeller_lloyds_2005,
	title = {Lloyd’s formula in multiple-scattering calculations with finite temperature},
	volume = {17},
	issn = {0953-8984, 1361-648X},
	urldate = {2015-07-29},
	journal = {Journal of Physics: Condensed Matter},
	author = {Zeller, Rudolf},
	month = sep,
	year = {2005},
	note = {bibtex: zeller\_lloyds\_2005},
	pages = {5367--5379}
}

@article{lloyd_wave_1967,
	title = {Wave propagation through an assembly of spheres: {II}. {The} density of single-particle eigenstates},
	volume = {90},
	issn = {0370-1328},
	shorttitle = {Wave propagation through an assembly of spheres},
	urldate = {2015-07-29},
	journal = {Proceedings of the Physical Society},
	author = {Lloyd, P},
	month = jan,
	year = {1967},
	note = {bibtex: lloyd\_wave\_1967},
	pages = {207--216}
}

@article{drittler_first-principles_1989,
	title = {First-principles calculation of impurity-solution energies in {Cu} and {Ni}},
	volume = {39},
	issn = {0163-1829},
	language = {english},
	urldate = {2015-07-29},
	journal = {Physical Review B},
	author = {Drittler, B. and Weinert, M. and Zeller, R. and Dederichs, P. H.},
	month = jan,
	year = {1989},
	note = {bibtex: drittler\_firstprinciples\_1989},
	pages = {930--939}
}

@article{zeller_recent_2014,
	title = {Recent {Advances} in the {Korringa}-{Kohn}-{Rostoker} {Green} {Function} {Method}},
	volume = {78},
	issn = {2100-014X},
	urldate = {2015-07-29},
	journal = {EPJ Web of Conferences},
	author = {Zeller, Rudolf},
	editor = {Varró, S. and Ádám, P. and Biró, T.S. and Barnaföldi, G.G. and Lévai, P.},
	year = {2014},
	note = {bibtex: zeller\_recent\_2014},
	pages = {05002}
}

@article{zeller_large_2014,
	title = {Large scale supercell calculations for forces around substitutional defects in {NiTi}: {Large} scale supercell calculations for substitutional defects in {NiTi}},
	volume = {251},
	issn = {03701972},
	shorttitle = {Large scale supercell calculations for forces around substitutional defects in {NiTi}},
	language = {en},
	urldate = {2015-07-29},
	journal = {physica status solidi (b)},
	author = {Zeller, Rudolf},
	month = oct,
	year = {2014},
	note = {bibtex: zeller\_large\_2014},
	pages = {2048--2054}
}

@article{ebert_incorporation_2003,
	title = {Incorporation of the rotationally invariant {LDA}+{U} scheme into the {SPR}-{KKR} formalism: application to disordered alloys},
	volume = {127},
	issn = {00381098},
	shorttitle = {Incorporation of the rotationally invariant {LDA}+{U} scheme into the {SPR}-{KKR} formalism},
	language = {english},
	urldate = {2015-07-29},
	journal = {Solid State Communications},
	author = {Ebert, H. and Perlov, A. and Mankovsky, S.},
	month = aug,
	year = {2003},
	note = {bibtex: ebert\_incorporation\_2003},
	pages = {443--446}
}

@article{czyzyk_local-density_1994,
	title = {Local-density functional and on-site correlations: {The} electronic structure of {La} 2 {CuO} 4 and {LaCuO} 3},
	volume = {49},
	issn = {0163-1829, 1095-3795},
	shorttitle = {Local-density functional and on-site correlations},
	language = {english},
	urldate = {2015-07-29},
	journal = {Physical Review B},
	author = {Czyżyk, M. T. and Sawatzky, G. A.},
	month = may,
	year = {1994},
	note = {bibtex: czyzyk\_localdensity\_1994},
	pages = {14211--14228}
}

@article{solovyev_is_1998,
	title = {Is {Hund}'s {Second} {Rule} {Responsible} for the {Orbital} {Magnetism} in {Solids}?},
	volume = {80},
	issn = {0031-9007, 1079-7114},
	language = {english},
	urldate = {2015-07-29},
	journal = {Physical Review Letters},
	author = {Solovyev, I. V. and Liechtenstein, A. I. and Terakura, K.},
	month = jun,
	year = {1998},
	note = {bibtex: solovyev\_hunds\_1998},
	pages = {5758--5761}
}

@article{yaresko_localized_2003,
	title = {Localized {U} 5 f electrons in {UPd} 3 from {LDA} + {U} calculations},
	volume = {67},
	issn = {0163-1829, 1095-3795},
	language = {english},
	urldate = {2015-07-29},
	journal = {Physical Review B},
	author = {Yaresko, A. N. and Antonov, V. N. and Fulde, P.},
	month = apr,
	year = {2003},
	note = {bibtex: yaresko\_localized\_2003}
}

@article{zeller_evaluation_1997,
	title = {Evaluation of the screened {Korringa}-{Kohn}-{Rostoker} method for accurate and large-scale electronic-structure calculations},
	volume = {55},
	issn = {0163-1829, 1095-3795},
	language = {english},
	urldate = {2015-07-29},
	journal = {Physical Review B},
	author = {Zeller, Rudolf},
	month = apr,
	year = {1997},
	note = {bibtex: zeller\_evaluation\_1997},
	pages = {9400--9408}
}

@article{bolten_preconditioning_2012,
	title = {Preconditioning systems arising from the {KKR} {Green} function method using block-circulant matrices},
	volume = {436},
	issn = {00243795},
	language = {english},
	urldate = {2015-07-29},
	journal = {Linear Algebra and its Applications},
	author = {Bolten, Matthias and Thiess, Alexander and Yavneh, Irad and Zeller, Rudolf},
	month = jan,
	year = {2012},
	note = {bibtex: bolten\_preconditioning\_2012},
	pages = {436--446}
}

@article{schie_simulation_2014,
	title = {A {Simulation} {Study} of {Oxygen}-{Vacancy} {Behavior} in {Strontium} {Titanate}: {Beyond} {Nearest}-{Neighbor} {Interactions}},
	volume = {118},
	issn = {1932-7447, 1932-7455},
	shorttitle = {A {Simulation} {Study} of {Oxygen}-{Vacancy} {Behavior} in {Strontium} {Titanate}},
	language = {english},
	urldate = {2015-07-29},
	journal = {The Journal of Physical Chemistry C},
	author = {Schie, Marcel and Waser, Rainer and De Souza, Roger A.},
	month = jul,
	year = {2014},
	note = {bibtex: schie\_simulation\_2014},
	pages = {15185--15192}
}

@article{ebert_calculating_2011,
	title = {Calculating condensed matter properties using the {KKR}-{Green}'s function method—recent developments and applications},
	volume = {74},
	issn = {0034-4885, 1361-6633},
	urldate = {2015-07-29},
	journal = {Reports on Progress in Physics},
	author = {Ebert, H and Ködderitzsch, D and Minár, J},
	month = sep,
	year = {2011},
	note = {bibtex: ebert\_calculating\_2011},
	pages = {096501}
}

@article{ebert_scattering_1988,
	title = {On the scattering solutions to the {Dirac} equation for non-spherically-symmetric targets},
	volume = {18},
	issn = {0305-4608},
	urldate = {2015-07-29},
	journal = {Journal of Physics F: Metal Physics},
	author = {Ebert, H and Gyorffy, B L},
	month = mar,
	year = {1988},
	note = {bibtex: ebert\_scattering\_1988},
	pages = {451--455}
}

@article{perdew_restoring_2008,
	title = {Restoring the {Density}-{Gradient} {Expansion} for {Exchange} in {Solids} and {Surfaces}},
	volume = {100},
	issn = {0031-9007, 1079-7114},
	language = {english},
	urldate = {2015-11-12},
	journal = {Physical Review Letters},
	author = {Perdew, John P. and Ruzsinszky, Adrienn and Csonka, Gábor I. and Vydrov, Oleg A. and Scuseria, Gustavo E. and Constantin, Lucian A. and Zhou, Xiaolan and Burke, Kieron},
	month = apr,
	year = {2008},
	note = {bibtex: perdew\_restoring\_2008},
	pages = {136406}
}

@article{zeller_improving_2008,
	title = {Improving the charge density normalization in {Korringa}–{Kohn}–{Rostoker} {Green}-function calculations},
	volume = {20},
	issn = {0953-8984, 1361-648X},
	urldate = {2015-11-12},
	journal = {Journal of Physics: Condensed Matter},
	author = {Zeller, Rudolf},
	month = jan,
	year = {2008},
	note = {bibtex: zeller\_improving\_2008},
	pages = {035220}
}

@book{blugel_electronic_2010,
	address = {Jülich},
	series = {Schriften des {Forschungszentrums} {Jülich} {Reihe} {Schlüsseltechnologien}},
	title = {Electronic oxides - correlation phanomena, exotic phases and novel functionalities ; lecture notes of the 41st {Spring} {School} 2010},
	isbn = {978-3-89336-609-5},
	language = {english},
	publisher = {Forschungszentrum, Zentralbibliothek},
	editor = {Blügel, Stefan and {Kernforschungsanlage Jülich}},
	year = {2010},
	note = {bibtex: blugel\_electronic\_2010},
	keywords = {Übergangsmetalloxide, Physikalische Eigenschaft},
	annote = {Literaturangaben}
}

@book{blugel_computing_2014,
	address = {Jülich},
	series = {Schriften des {Forschungszentrums} {Jülich} {Reihe} {Schlüsseltechnologien}},
	title = {Computing solids: models, ab-initio methods and supercomputing ; lecture notes of the 45th {IFF} {Spring} {Schoool} 2014, on {March} 10 - 21, 2014},
	isbn = {978-3-89336-912-6},
	shorttitle = {Computing solids},
	language = {english},
	publisher = {Forschungszentrum Jülich GmbH},
	editor = {Blügel, Stefan and {Institute for Advanced Simulation} and {Peter Grünberg Institut}},
	year = {2014},
	note = {bibtex: blugel\_computing\_2014},
	keywords = {Computersimulation, Festkörperphysik, Mathematisches Modell, Kongress},
	annote = {Literaturangaben},
	file = {Table of Contents PDF:/Users/borne/Zotero/storage/R7BKBCMD/Blügel et al. - 2014 - Computing solids models, ab-initio methods and su.pdf:application/pdf}
}

@article{marrocchelli_dislocations_2015,
	title = {Dislocations in {SrTiO} $_{\textrm{3}}$ : {Easy} {To} {Reduce} but {Not} so {Fast} for {Oxygen} {Transport}},
	volume = {137},
	issn = {0002-7863, 1520-5126},
	shorttitle = {Dislocations in {SrTiO} $_{\textrm{3}}$},
	language = {english},
	urldate = {2015-07-29},
	journal = {Journal of the American Chemical Society},
	author = {Marrocchelli, Dario and Sun, Lixin and Yildiz, Bilge},
	month = apr,
	year = {2015},
	note = {bibtex: marrocchelli\_dislocations\_2015},
	pages = {4735--4748}
}

@article{zeller_elementary_2004,
	title = {An elementary derivation of {Lloyd} s formula valid for full-potential multiple-scattering theory},
	volume = {16},
	issn = {0953-8984, 1361-648X},
	urldate = {2015-07-29},
	journal = {Journal of Physics: Condensed Matter},
	author = {Zeller, Rudolf},
	month = sep,
	year = {2004},
	note = {bibtex: zeller\_elementary\_2004},
	pages = {6453--6468}
}

@article{asato_full-potential_1999,
	title = {Full-potential {KKR} calculations for metals and semiconductors},
	volume = {60},
	issn = {0163-1829, 1095-3795},
	language = {english},
	urldate = {2015-07-29},
	journal = {Physical Review B},
	author = {Asato, M. and Settels, A. and Hoshino, T. and Asada, T. and Blügel, S. and Zeller, R. and Dederichs, P. H.},
	month = aug,
	year = {1999},
	note = {bibtex: asato\_fullpotential\_1999},
	pages = {5202--5210}
}

@article{korhonen_lattice_2000,
	title = {Lattice relaxations and hyperfine fields of heavy impurities in {Fe}},
	volume = {62},
	issn = {0163-1829, 1095-3795},
	language = {english},
	urldate = {2015-07-29},
	journal = {Physical Review B},
	author = {Korhonen, T. and Settels, A. and Papanikolaou, N. and Zeller, R. and Dederichs, P. H.},
	month = jul,
	year = {2000},
	note = {bibtex: korhonen\_lattice\_2000},
	pages = {452--460}
}

@book{matloff_art_2008,
	address = {San Francisco},
	title = {The art of debugging with {GDB}, {DDD}, and {Eclipse}},
	isbn = {978-1-59327-174-9 978-1-59327-002-5},
	publisher = {No Starch Press},
	author = {Matloff, Norman S. and Salzman, Peter Jay},
	year = {2008},
	note = {bibtex: matloff\_art\_2008},
	keywords = {Debugging in computer science, Computer software, Quality control},
	annote = {Includes index}
}

@book{ashcroft_festkorperphysik_2007,
	address = {München},
	edition = {3., verb. Aufl},
	title = {Festkörperphysik},
	isbn = {978-3-486-58273-4},
	language = {ger},
	publisher = {Oldenbourg},
	author = {Ashcroft, Neil W. and Mermin, David N.},
	year = {2007},
	note = {bibtex: ashcroft\_festkorperphysik\_2007},
	keywords = {Festkörperphysik, Lehrbuch, Solid state physics},
	file = {Table of Contents PDF:/Users/borne/Zotero/storage/4MSJZ8J6/Ashcroft and Mermin - 2007 - Festkörperphysik.pdf:application/pdf}
}

@article{olechnovic_voronota:_2014,
	title = {Voronota: {A} fast and reliable tool for computing the vertices of the {Voronoi} diagram of atomic balls},
	volume = {35},
	issn = {01928651},
	shorttitle = {Voronota},
	language = {english},
	urldate = {2016-01-07},
	journal = {Journal of Computational Chemistry},
	author = {Olechnovič, Kliment and Venclovas, Česlovas},
	month = mar,
	year = {2014},
	pages = {672--681}
}

@article{jones_density_2015,
	title = {Density functional theory: {Its} origins, rise to prominence, and future},
	volume = {87},
	issn = {0034-6861, 1539-0756},
	shorttitle = {Density functional theory},
	language = {english},
	urldate = {2015-11-12},
	journal = {Reviews of Modern Physics},
	author = {Jones, R. O.},
	month = aug,
	year = {2015},
	note = {bibtex: jones\_density\_2015},
	pages = {897--923}
}

@book{hohler_storstellenkomplexe_2003,
	title = {Störstellenkomplexe in {Halbleitern}: {Elektronenstruktur} und {Hyperfeineigenschaften}},
	author = {Höhler, Holger},
	year = {2003},
	note = {bibtex: hohler\_storstellenkomplexe\_2003},
	file = {PhD_Hoehler.pdf:/Users/borne/Zotero/storage/AAI22WE4/PhD_Hoehler.pdf:application/pdf}
}

@article{alam_accurate_2011,
	title = {Accurate and fast numerical solution of {Poisson}'s equation for arbitrary, space-filling {Voronoi} polyhedra: {Near}-field corrections revisited},
	volume = {84},
	issn = {1098-0121, 1550-235X},
	shorttitle = {Accurate and fast numerical solution of {Poisson}'s equation for arbitrary, space-filling {Voronoi} polyhedra},
	language = {english},
	urldate = {2015-10-08},
	journal = {Physical Review B},
	author = {Alam, Aftab and Wilson, Brian G. and Johnson, D. D.},
	month = nov,
	year = {2011},
	note = {bibtex: alam\_accurate\_2011}
}

@article{perdew_generalized_1996,
	title = {Generalized {Gradient} {Approximation} {Made} {Simple}},
	volume = {77},
	issn = {0031-9007, 1079-7114},
	language = {english},
	urldate = {2015-11-12},
	journal = {Physical Review Letters},
	author = {Perdew, John P. and Burke, Kieron and Ernzerhof, Matthias},
	month = oct,
	year = {1996},
	note = {bibtex: perdew\_generalized\_1996},
	pages = {3865--3868}
}

@article{kohn_self-consistent_1965,
	title = {Self-{Consistent} {Equations} {Including} {Exchange} and {Correlation} {Effects}},
	volume = {140},
	issn = {0031-899X},
	language = {english},
	urldate = {2015-11-12},
	journal = {Physical Review},
	author = {Kohn, W. and Sham, L. J.},
	month = nov,
	year = {1965},
	note = {bibtex: kohn\_selfconsistent\_1965},
	pages = {A1133--A1138}
}

@article{perdew_atoms_1992,
	title = {Atoms, molecules, solids, and surfaces: {Applications} of the generalized gradient approximation for exchange and correlation},
	volume = {46},
	issn = {0163-1829, 1095-3795},
	shorttitle = {Atoms, molecules, solids, and surfaces},
	language = {english},
	urldate = {2015-11-13},
	journal = {Physical Review B},
	author = {Perdew, John P. and Chevary, J. A. and Vosko, S. H. and Jackson, Koblar A. and Pederson, Mark R. and Singh, D. J. and Fiolhais, Carlos},
	month = sep,
	year = {1992},
	note = {bibtex: perdew\_atoms\_1992},
	pages = {6671--6687}
}

@article{himmetoglu_hubbard-corrected_2014,
	title = {Hubbard-corrected {DFT} energy functionals: {The} {LDA}+{U} description of correlated systems},
	volume = {114},
	issn = {00207608},
	shorttitle = {Hubbard-corrected {DFT} energy functionals},
	language = {english},
	urldate = {2015-11-15},
	journal = {International Journal of Quantum Chemistry},
	author = {Himmetoglu, Burak and Floris, Andrea and de Gironcoli, Stefano and Cococcioni, Matteo},
	month = jan,
	year = {2014},
	note = {bibtex: himmetoglu\_hubbardcorrected\_2014},
	pages = {14--49}
}

@article{haas_calculation_2009,
	title = {Calculation of the lattice constant of solids with semilocal functionals},
	volume = {79},
	issn = {1098-0121, 1550-235X},
	language = {english},
	urldate = {2015-11-18},
	journal = {Physical Review B},
	author = {Haas, Philipp and Tran, Fabien and Blaha, Peter},
	month = feb,
	year = {2009}
}

@article{oroszlany_magnetism_2015,
	title = {Magnetism of {Gadolinium}: {A} {First}-{Principles} {Perspective}},
	volume = {115},
	issn = {0031-9007, 1079-7114},
	shorttitle = {Magnetism of {Gadolinium}},
	language = {english},
	urldate = {2015-11-18},
	journal = {Physical Review Letters},
	author = {Oroszlány, L. and Deák, A. and Simon, E. and Khmelevskyi, S. and Szunyogh, L.},
	month = aug,
	year = {2015}
}

@article{fukushima_hubbard_2014,
	title = {Hubbard \textit{{U}} calculations for gap states in dilute magnetic semiconductors},
	volume = {26},
	issn = {0953-8984, 1361-648X},
	urldate = {2015-11-19},
	journal = {Journal of Physics: Condensed Matter},
	author = {Fukushima, T and Katayama-Yoshida, H and Sato, K and Bihlmayer, G and Mavropoulos, P and Bauer, D S G and Zeller, R and Dederichs, P H},
	month = jul,
	year = {2014},
	pages = {274202}
}

@article{hohenberg_inhomogeneous_1964,
	title = {Inhomogeneous {Electron} {Gas}},
	volume = {136},
	issn = {0031-899X},
	language = {english},
	urldate = {2016-02-16},
	journal = {Physical Review},
	author = {Hohenberg, P. and Kohn, W.},
	month = nov,
	year = {1964},
	pages = {B864--B871}
}

@article{oswald_interaction_1986,
	title = {Interaction of local moments in {Cu}},
	volume = {54-57},
	issn = {03048853},
	language = {english},
	urldate = {2016-05-13},
	journal = {Journal of Magnetism and Magnetic Materials},
	author = {Oswald, A. and Zeller, R. and Dederichs, P.H.},
	month = feb,
	year = {1986},
	pages = {1247--1248}
}

@article{mermin_thermal_1965,
	title = {Thermal {Properties} of the {Inhomogeneous} {Electron} {Gas}},
	volume = {137},
	issn = {0031-899X},
	language = {english},
	urldate = {2016-02-16},
	journal = {Physical Review},
	author = {Mermin, N. David},
	month = mar,
	year = {1965},
	pages = {A1441--A1443}
}

@article{blugel_hyperfine_1987,
	title = {Hyperfine fields of 3 \textit{d} and 4 \textit{d} impurities in nickel},
	volume = {35},
	issn = {0163-1829},
	language = {english},
	urldate = {2016-03-24},
	journal = {Physical Review B},
	author = {Blügel, S. and Akai, H. and Zeller, R. and Dederichs, P. H.},
	month = mar,
	year = {1987},
	pages = {3271--3283}
}

@article{stellwagen_stabilization_1975,
	title = {Stabilization of the globular structure of ferricytochrome c by chloride in acidic solvents},
	volume = {14},
	issn = {0006-2960},
	abstract = {Increasing concentrations of chloride were found to increase the resolution between two visible absorbance spectral transitions associated with acidification of ferricytochrome c. Analysis of a variety of spectral and viscosity measurements indicates that protonation of a single group having an apparent pK of 2.1 +/- 0.2 and an intrinsic pK of about 5.3 displaces the methionine ligand without significantly perturbing the native globular conformation. Analysis of methylated ferricytochrome c suggests that protonation of a carboxylate ion, most likely a heme propionate residue, is responsible for displacement of the methionine ligand. Addition of a proton to a second group having an apparent pK of 1.2 +/- 0.1 displaces the histidine ligand and unfolds the protein from a globular conformation into a random coil. It is most likely that the second protonation occurs on the imidazole ring of the histidine ligand itself. Chloride is proposed to perturb these transitions by ligation in the fifth coordination position of the heme ion. Such ligation stabilizes a globular conformation of ferricytochrome c at pH 0.0 and 25 degrees.},
	language = {english},
	journal = {Biochemistry},
	author = {Stellwagen, E. and Babul, J.},
	month = nov,
	year = {1975},
	pmid = {41},
	keywords = {Animals, Hydrogen-Ion Concentration, Kinetics, Binding Sites, Chlorides, Cytochrome c Group, Horses, Mathematics, Myocardium, Protein Binding, Protein Conformation, Solvents, Spectrophotometry, Viscosity},
	pages = {5135--5140}
}

@article{mihalakis_antibodies_1976,
	title = {Antibodies to histones and histone-histone complexes: immunochemical evidence for secondary structure in histone 1},
	volume = {192},
	issn = {0036-8075},
	shorttitle = {Antibodies to histones and histone-histone complexes},
	abstract = {Highly specific antibodies were raised to histone 1 (H 1) and the histone complexes H32-H42 AND H2A-H2B, isolated by salt extraction. Antibody to H1 could detect irreversible conformational changes in acid- or urea-treated H1. The antibodies showed different reactivities with chromosomes as compared to antibodies in acid-extracted histones and should be useful in studies of native chromatin and chromosome structure.},
	language = {english},
	journal = {Science (New York, N.Y.)},
	author = {Mihalakis, N. and Miller, O. J. and Erlanger, B. F.},
	month = apr,
	year = {1976},
	pmid = {3853},
	keywords = {Hydrogen-Ion Concentration, Antibodies, Antibody Specificity, Histones, Urea},
	pages = {469--471}
}

@article{meshcheriakova_large_2014,
	title = {Large {Noncollinearity} and {Spin} {Reorientation} in the {Novel} {Mn} 2 {RhSn} {Heusler} {Magnet}},
	volume = {113},
	issn = {0031-9007, 1079-7114},
	language = {english},
	urldate = {2016-10-18},
	journal = {Physical Review Letters},
	author = {Meshcheriakova, O. and Chadov, S. and Nayak, A. K. and Rößler, U. K. and Kübler, J. and André, G. and Tsirlin, A. A. and Kiss, J. and Hausdorf, S. and Kalache, A. and Schnelle, W. and Nicklas, M. and Felser, C.},
	month = aug,
	year = {2014}
}

@article{kubler_magnetic_1981,
	title = {Magnetic moments of ferromagnetic and antiferromagnetic bcc and fcc iron},
	volume = {81},
	issn = {03759601},
	language = {english},
	urldate = {2016-11-07},
	journal = {Physics Letters A},
	author = {Kübler, J.},
	month = jan,
	year = {1981},
	pages = {81--83}
}

@incollection{dutot_addressing_2016,
	address = {Cham},
	title = {Addressing {Materials} {Science} {Challenges} {Using} {GPU}-accelerated {POWER}8 {Nodes}},
	volume = {9833},
	isbn = {978-3-319-43658-6},
	urldate = {2016-11-08},
	booktitle = {Euro-{Par} 2016: {Parallel} {Processing}},
	publisher = {Springer International Publishing},
	author = {Baumeister, Paul F. and Bornemann, Marcel and Bühler, Markus and Hater, Thorsten and Krill, Benjamin and Pleiter, Dirk and Zeller, Rudolf},
	editor = {Dutot, Pierre-François and Trystram, Denis},
	year = {2016},
	pages = {77--89}
}

@article{gayles_dzyaloshinskii-moriya_2015,
	title = {Dzyaloshinskii-{Moriya} {Interaction} and {Hall} {Effects} in the {Skyrmion} {Phase} of {Mn}1-{xFexGe}},
	volume = {115},
	issn = {0031-9007, 1079-7114},
	language = {english},
	urldate = {2016-11-24},
	journal = {Physical Review Letters},
	author = {Gayles, J. and Freimuth, F. and Schena, T. and Lani, G. and Mavropoulos, P. and Duine, R. A. and Blügel, S. and Sinova, J. and Mokrousov, Y.},
	month = jul,
	year = {2015},
	pages = {036602}
}

@article{grigoriev_interplay_2010,
	title = {Interplay between crystalline chirality and magnetic structure in {Mn} 1 - x {Fe} x {Si}},
	volume = {81},
	issn = {1098-0121, 1550-235X},
	language = {english},
	urldate = {2016-11-24},
	journal = {Physical Review B},
	author = {Grigoriev, S. V. and Chernyshov, D. and Dyadkin, V. A. and Dmitriev, V. and Moskvin, E. V. and Lamago, D. and Wolf, Th. and Menzel, D. and Schoenes, J. and Maleyev, S. V. and Eckerlebe, H.},
	month = jan,
	year = {2010}
}

@article{dmitriev_chiral_2012,
	title = {A chiral link between structure and magnetism in {MnSi}},
	volume = {24},
	issn = {0953-8984, 1361-648X},
	urldate = {2016-11-24},
	journal = {Journal of Physics: Condensed Matter},
	author = {Dmitriev, V and Chernyshov, D and Grigoriev, S and Dyadkin, V},
	month = sep,
	year = {2012},
	pages = {366005}
}

@book{lounis_theory_2007,
	address = {Jülich},
	series = {Schriften des {Forschungszentrums} {Jülich} {Materie} und {Material}},
	title = {Theory of magnetic transition metal nanoclusters on surfaces},
	isbn = {978-3-89336-501-2},
	language = {english},
	publisher = {Forschungszentrum, Zentralbibliothek},
	author = {Lounis, Samir},
	year = {2007},
	note = {OCLC: 213396465},
	keywords = {Dichtefunktionalformalismus, Übergangsmetall, Kristallfläche, Metallcluster},
	annote = {Zugl.: Aachen, Techn. Hochsch., Diss., 2007}
}

@book{bauer_development_2014,
	address = {Jülich},
	series = {Schriften des {Forschungszentrums} {Jülich} {Reihe} {Schlüsseltechnologien}},
	title = {Development of a relativistic full-potential first-principles multiple scattering {Green} function method applied to complex magnetic textures of nano structures at surfaces},
	isbn = {978-3-89336-934-8},
	language = {english},
	publisher = {Forschungszentrum Jülich},
	author = {Bauer, David Siegfried Georg},
	year = {2014},
	note = {OCLC: 931516104},
	keywords = {KKR-Methode, Hochschulschrift, Kristallfläche, Green-Funktion, Magnetische Eigenschaft, Iridium, Eisen, Dünne Schicht},
	annote = {Zugl.: Aachen, Univ., Diss., 2013},
	file = {Table of Contents PDF:/Users/borne/Zotero/storage/3WAI8S7M/Bauer - 2014 - Development of a relativistic full-potential first.pdf:application/pdf}
}

@article{davey_precision_1925,
	title = {Precision {Measurements} of the {Lattice} {Constants} of {Twelve} {Common} {Metals}},
	volume = {25},
	issn = {0031-899X},
	language = {english},
	urldate = {2016-11-24},
	journal = {Physical Review},
	author = {Davey, Wheeler P.},
	month = jun,
	year = {1925},
	pages = {753--761}
}

@article{tanigaki_real-space_2015,
	title = {Real-{Space} {Observation} of {Short}-{Period} {Cubic} {Lattice} of {Skyrmions} in {MnGe}},
	volume = {15},
	issn = {1530-6984, 1530-6992},
	language = {en},
	urldate = {2016-11-25},
	journal = {Nano Letters},
	author = {Tanigaki, Toshiaki and Shibata, Kiyou and Kanazawa, Naoya and Yu, Xiuzhen and Onose, Yoshinori and Park, Hyun Soon and Shindo, Daisuke and Tokura, Yoshinori},
	month = aug,
	year = {2015},
	pages = {5438--5442}
}

@article{makarova_neutron_2012,
	title = {Neutron diffraction study of the chiral magnet {MnGe}},
	volume = {85},
	issn = {1098-0121, 1550-235X},
	language = {en},
	urldate = {2016-11-29},
	journal = {Physical Review B},
	author = {Makarova, O. L. and Tsvyashchenko, A. V. and Andre, G. and Porcher, F. and Fomicheva, L. N. and Rey, N. and Mirebeau, I.},
	month = may,
	year = {2012},
	pages = {205205}
}

@article{takizawa_high-pressure_1988,
	title = {High-pressure synthesis and electrical and magnetic properties of {MnGe} and {CoGe} with the cubic {B}20 structure},
	volume = {73},
	issn = {00224596},
	language = {en},
	urldate = {2016-11-29},
	journal = {Journal of Solid State Chemistry},
	author = {Takizawa, H. and Sato, T. and Endo, T. and Shimada, M.},
	month = mar,
	year = {1988},
	pages = {40--46}
}

@article{kanazawa_large_2011,
	title = {Large {Topological} {Hall} {Effect} in a {Short}-{Period} {Helimagnet} {MnGe}},
	volume = {106},
	issn = {0031-9007, 1079-7114},
	language = {en},
	urldate = {2016-12-07},
	journal = {Physical Review Letters},
	author = {Kanazawa, N. and Onose, Y. and Arima, T. and Okuyama, D. and Ohoyama, K. and Wakimoto, S. and Kakurai, K. and Ishiwata, S. and Tokura, Y.},
	month = apr,
	year = {2011},
	pages = {156603}
}

@article{kanazawa_possible_2012,
	title = {Possible skyrmion-lattice ground state in the {B} 20 chiral-lattice magnet {MnGe} as seen via small-angle neutron scattering},
	volume = {86},
	issn = {1098-0121, 1550-235X},
	language = {en},
	urldate = {2016-12-07},
	journal = {Physical Review B},
	author = {Kanazawa, N. and Kim, J.-H. and Inosov, D. S. and White, J. S. and Egetenmeyer, N. and Gavilano, J. L. and Ishiwata, S. and Onose, Y. and Arima, T. and Keimer, B. and Tokura, Y.},
	month = oct,
	year = {2012},
	pages = {134425}
}

@article{rosler_ab_2012,
	title = {Ab initio study on magnetism and pressure-induced transitions in cubic {MnGe}},
	volume = {391},
	issn = {1742-6588, 1742-6596},
	urldate = {2016-12-07},
	journal = {Journal of Physics: Conference Series},
	author = {Rößler, U K},
	month = dec,
	year = {2012},
	pages = {012104}
}

@article{ditusa_magnetic_2014,
	title = {Magnetic, thermodynamic, and electrical transport properties of the noncentrosymmetric {B} 20 germanides {MnGe} and {CoGe}},
	volume = {90},
	issn = {1098-0121, 1550-235X},
	language = {en},
	urldate = {2016-12-07},
	journal = {Physical Review B},
	author = {DiTusa, J. F. and Zhang, S. B. and Yamaura, K. and Xiong, Y. and Prestigiacomo, J. C. and Fulfer, B. W. and Adams, P. W. and Brickson, M. I. and Browne, D. A. and Capan, C. and Fisk, Z. and Chan, Julia Y.},
	month = oct,
	year = {2014},
	pages = {144404}
}

@article{nagaosa_topological_2013,
	title = {Topological properties and dynamics of magnetic skyrmions},
	volume = {8},
	issn = {1748-3387, 1748-3395},
	urldate = {2016-12-07},
	journal = {Nature Nanotechnology},
	author = {Nagaosa, Naoto and Tokura, Yoshinori},
	month = dec,
	year = {2013},
	pages = {899--911}
}

@article{fert_skyrmions_2013,
	title = {Skyrmions on the track},
	volume = {8},
	issn = {1748-3387, 1748-3395},
	urldate = {2016-12-07},
	journal = {Nature Nanotechnology},
	author = {Fert, Albert and Cros, Vincent and Sampaio, João},
	month = mar,
	year = {2013},
	pages = {152--156}
}

@book{liu_skyrmions:_2017,
	address = {Boca Raton, FL},
	title = {Skyrmions: topological structures, properties, and applications},
	isbn = {978-1-4987-5388-3},
	shorttitle = {Skyrmions},
	publisher = {CRC Press, Taylor \& Francis Group},
	editor = {Liu, J. Ping and Zhang, Zhidong and Zhao, Guoping},
	year = {2017},
	keywords = {Skyrme model, Topology, Magnetic materials, Magnetism, Spintronics},
	annote = {Includes index},
	annote = {Topology of magnetic domains / Yingying Dai, Han Wang, and Zhidong Zhang -- Experimental observation of magnetic skyrmions / H.B. Luo, W.X. Xia, J.P. Liu -- Resonant x-ray scattering studies on skyrmions / Sujoy Roy, Matthew Langner, and James Lee -- Artificial two-dimensional magnetic skyrmions / Liang Sun, Bingfeng Miao, and Haifeng Ding -- Imaging and tailoring chiral spin textures using spin-polarized electron microscopy / Gong Chen, Andreas Schmid, and Yizheng Wu -- Epitaxial thin films of the cubic B20 chiral magnets / Sunxiang Huang and Chia-Ling Chien -- Formation and stability of individual skyrmions in confined geometries / Haifeng Du, Chiming Jin, and Mingliang Tian -- Magnetic skyrmion dynamics / Felix Büttner and Mathias Kläui -- Skyrmion dynamics in chiral magnets / Shi-Zeng Lin and Jiadong Zang -- Novel topological resonant excitations of coupled skyrmions / Yingying Dai, Han Wang, and Zhidong Zhang -- Skyrmion stability in magnetic nanostructures / C.P. Chui, L. Yang, Wenqing Liu, Yongbing Xu, and Yan Zhou -- Racetrack-type applications of magnetic skyrmions / Xichao Zhang, Jing Xia, G.P. Zhao, Hans Fangohr, Motohiko Ezawa, and Yan Zhou -- Magnetic skyrmion channels: guided motion in potential wells / Wen Siang Lew -- Skyrmions in other condensed matter systems / G.P. Zhao, F.J. Morvan, N. Ran, P. Lai, Jing Xia, Xichao Zhang, and Yan Zhou}
}

@article{grigoriev_chiral_2013,
	title = {Chiral {Properties} of {Structure} and {Magnetism} in {Mn}1-{xFexGe} {Compounds}: {When} the {Left} and the {Right} are {Fighting}, {Who} {Wins}?},
	volume = {110},
	issn = {0031-9007, 1079-7114},
	shorttitle = {Chiral {Properties} of {Structure} and {Magnetism} in {Mn} 1 - x {Fe} x {Ge} {Compounds}},
	language = {en},
	urldate = {2017-01-12},
	journal = {Physical Review Letters},
	author = {Grigoriev, S. V. and Potapova, N. M. and Siegfried, S.-A. and Dyadkin, V. A. and Moskvin, E. V. and Dmitriev, V. and Menzel, D. and Dewhurst, C. D. and Chernyshov, D. and Sadykov, R. A. and Fomicheva, L. N. and Tsvyashchenko, A. V.},
	month = may,
	year = {2013},
	pages = {207201}
}

@article{thiess_massively_2012,
	title = {Massively parallel density functional calculations for thousands of atoms: {KKRnano}},
	volume = {85},
	issn = {1098-0121, 1550-235X},
	shorttitle = {Massively parallel density functional calculations for thousands of atoms},
	language = {en},
	urldate = {2017-02-02},
	journal = {Physical Review B},
	author = {Thiess, A. and Zeller, R. and Bolten, M. and Dederichs, P. H. and Blügel, S.},
	month = jun,
	year = {2012},
	pages = {235103}
}

@article{zeller_towards_2008,
	title = {Towards a linear-scaling algorithm for electronic structure calculations with the tight-binding {Korringa}–{Kohn}–{Rostoker} {Green} function method},
	volume = {20},
	issn = {0953-8984, 1361-648X},
	urldate = {2017-02-02},
	journal = {Journal of Physics: Condensed Matter},
	author = {Zeller, Rudolf},
	month = jul,
	year = {2008},
	pages = {294215}
}

@article{born_zur_1927,
	title = {Zur {Quantentheorie} der {Molekeln}},
	volume = {389},
	issn = {00033804, 15213889},
	language = {de},
	urldate = {2017-02-03},
	journal = {Annalen der Physik},
	author = {Born, M. and Oppenheimer, R.},
	year = {1927},
	pages = {457--484}
}

@article{levy_electron_1982,
	title = {Electron densities in search of {Hamiltonians}},
	volume = {26},
	issn = {0556-2791},
	language = {en},
	urldate = {2017-02-03},
	journal = {Physical Review A},
	author = {Levy, Mel},
	month = sep,
	year = {1982},
	pages = {1200--1208}
}

@article{sakuma_first-principles_2000,
	title = {First-{Principles} {Study} on the {Non}-{Collinear} {Magnetic} {Structures} of {Disordered} {Alloys}},
	volume = {69},
	issn = {0031-9015, 1347-4073},
	language = {en},
	urldate = {2017-02-22},
	journal = {Journal of the Physical Society of Japan},
	author = {Sakuma, Akimasa},
	month = sep,
	year = {2000},
	pages = {3072--3083}
}

@article{pant_theory_1972,
	title = {Theory of inhomogeneous magnetic electron gas},
	volume = {10},
	issn = {00381098},
	language = {en},
	urldate = {2017-02-24},
	journal = {Solid State Communications},
	author = {Pant, M.M. and Rajagopal, A.K.},
	month = jun,
	year = {1972},
	pages = {1157--1160}
}

@article{barth_local_1972,
	title = {A local exchange-correlation potential for the spin polarized case. i},
	volume = {5},
	issn = {0022-3719},
	urldate = {2017-02-24},
	journal = {Journal of Physics C: Solid State Physics},
	author = {Barth, U von and Hedin, L},
	month = jul,
	year = {1972},
	pages = {1629--1642}
}

@article{leonov_multiply_2015,
	title = {Multiply periodic states and isolated skyrmions in an anisotropic frustrated magnet},
	volume = {6},
	issn = {2041-1723},
	urldate = {2017-03-09},
	journal = {Nature Communications},
	author = {Leonov, A. O. and Mostovoy, M.},
	month = sep,
	year = {2015},
	pages = {8275}
}

@article{ebert_anisotropic_2009,
	title = {Anisotropic exchange coupling in diluted magnetic semiconductors: \textit{{Ab} initio} spin-density functional theory},
	volume = {79},
	issn = {1098-0121, 1550-235X},
	shorttitle = {Anisotropic exchange coupling in diluted magnetic semiconductors},
	language = {en},
	urldate = {2017-03-14},
	journal = {Physical Review B},
	author = {Ebert, H. and Mankovsky, S.},
	month = jan,
	year = {2009},
	pages = {045209}
}

@article{udvardi_first-principles_2003,
	title = {First-principles relativistic study of spin waves in thin magnetic films},
	volume = {68},
	issn = {0163-1829, 1095-3795},
	language = {en},
	urldate = {2017-03-14},
	journal = {Physical Review B},
	author = {Udvardi, L. and Szunyogh, L. and Palotás, K. and Weinberger, P.},
	month = sep,
	year = {2003},
	pages = {104436}
}

@article{eisenbach_gpu_2017,
	title = {{GPU} acceleration of the {Locally} {Selfconsistent} {Multiple} {Scattering} code for first principles calculation of the ground state and statistical physics of materials},
	volume = {211},
	issn = {00104655},
	language = {en},
	urldate = {2017-03-29},
	journal = {Computer Physics Communications},
	author = {Eisenbach, Markus and Larkin, Jeff and Lutjens, Justin and Rennich, Steven and Rogers, James H.},
	month = feb,
	year = {2017},
	pages = {2--7}
}

@article{eisenbach_large-scale_2017,
	title = {Large-{Scale} {Calculations} for {Material} {Sciences} {Using} {Accelerators} to {Improve} {Time}- and {Energy}-to-{Solution}},
	volume = {19},
	issn = {1521-9615},
	urldate = {2017-03-29},
	journal = {Computing in Science \& Engineering},
	author = {Eisenbach, Markus},
	month = jan,
	year = {2017},
	pages = {83--85}
}

@article{aryasetiawan__1998,
	title = {The \textbf{ \textit{{GW}} } method},
	volume = {61},
	issn = {0034-4885, 1361-6633},
	urldate = {2017-03-29},
	journal = {Reports on Progress in Physics},
	author = {Aryasetiawan, F and Gunnarsson, O},
	month = mar,
	year = {1998},
	pages = {237--312}
}

@article{dirac_quantum_1928,
	title = {The {Quantum} {Theory} of the {Electron}},
	volume = {117},
	issn = {1364-5021, 1471-2946},
	language = {en},
	urldate = {2017-04-10},
	journal = {Proceedings of the Royal Society A: Mathematical, Physical and Engineering Sciences},
	author = {Dirac, P. A. M.},
	month = feb,
	year = {1928},
	pages = {610--624}
}

@techreport{brommel_juqueen_2017,
	title = {{JUQUEEN} {Extreme} {Scaling} {Workshop} 2017},
	abstract = {From 23 to 25 January 2017, JSC organised its eighth IBM Blue Gene Extreme Scaling Workshop. The entire 28-rack JUQUEEN Blue Gene/Q was reserved for over 50 hours to allow six selected code teams to investigate and improve the scalability of their applications. Ultimately, all six codes managed to run using the full complement of 458,752 cores (most with over 1.8 million threads). MPAS-A (KIT/NCAR) and the pe rigid body physics engine (FAU) were both able to display strong scalability to 28 racks and thereby become candidates for High-Q Club membership. MPAS-A returned after participating in the 2015 workshop with a higher resolution dataset and substantially improved file I/O using SIONlib to successfully manage its largest ever global atmospheric simulation. While the hydrology simulator ParFlow (UBonn/FZJ-IGB) had recently demonstrated execution scaling to the full JUQUEEN without file writing enabled, during the workshop the focus was investigating file I/O performance which remains a bottleneck. High-Q Club member KKRnano (FZJ-IAS) investigated the scalability of a new solver algorithm developed to handle a million atoms, while the latest version of CPMD was tested with a large 1500-atom system. Both of these quantum materials codes uncovered performance limitations at larger scales. The final code was a prototype multi-compartmental neuronal network simulator, NestMC (JSC SimLab Neuroscience), which compared scalability of different threading implementations. Detailed reports are provided by each code-team, and additional comparative analysis to the 28 High-Q Club member codes.},
	author = {Brömmel, Dirk and Frings, Wolfgang and Wylie, Brian J. N.},
	year = {2017},
	pages = {47 pp.}
}

@inproceedings{bornemann_investigation_2017,
	title = {Investigation of three-dimensional skyrmion structure of {MnGe} from first-principles},
	publisher = {Frühjahrstagung der Deutschen Physikalischen Gesellschaft, Dresden (Germany), 19 Mar 2017 - 24 Mar 2017},
	author = {Bornemann, Marcel and Baumeister, Paul F. and Kovacik, Roman and Zimmermann, Bernd and Mavropoulos, Phivos and Lounis, Samir and Kiselev, Nikolai and Dederichs, Peter H. and Zeller, Rudolf and Blügel, Stefan},
	month = mar,
	year = {2017}
}

@article{kanazawa_variation_2016,
	title = {Variation of spin–orbit coupling and related properties in skyrmionic system {Mn}\$\{\}\_\{1{\textbackslash}mbox\{--\}x\}\${Fe} $_{\textrm{ \textit{x} }}$ {Ge}},
	volume = {18},
	issn = {1367-2630},
	urldate = {2017-04-15},
	journal = {New Journal of Physics},
	author = {Kanazawa, N and Shibata, K and Tokura, Y},
	month = apr,
	year = {2016},
	pages = {045006}
}

@article{ahmed_molecular_2017,
	title = {Molecular beam epitaxy growth of [{CrGe}/{MnGe}/{FeGe}] superlattices: {Toward} artificial {B}20 skyrmion materials with tunable interactions},
	volume = {467},
	issn = {00220248},
	shorttitle = {Molecular beam epitaxy growth of [{CrGe}/{MnGe}/{FeGe}] superlattices},
	language = {en},
	urldate = {2017-04-18},
	journal = {Journal of Crystal Growth},
	author = {Ahmed, Adam S. and Esser, Bryan D. and Rowland, James and McComb, David W. and Kawakami, Roland K.},
	month = jun,
	year = {2017},
	pages = {38--46}
}

@article{kulikov_spin_1997,
	title = {Spin polarization of disordered {Fe}-{Cr} and {Fe}-{Mn} alloys},
	volume = {55},
	issn = {0163-1829, 1095-3795},
	language = {en},
	urldate = {2017-04-20},
	journal = {Physical Review B},
	author = {Kulikov, N. I. and Demangeat, C.},
	month = feb,
	year = {1997},
	pages = {3533--3542}
}

@article{shibata_temperature_2017,
	title = {Temperature and {Magnetic} {Field} {Dependence} of the {Internal} and {Lattice} {Structures} of {Skyrmions} by {Off}-{Axis} {Electron} {Holography}},
	volume = {118},
	issn = {0031-9007, 1079-7114},
	language = {en},
	urldate = {2017-04-20},
	journal = {Physical Review Letters},
	author = {Shibata, K. and Kovács, A. and Kiselev, N. S. and Kanazawa, N. and Dunin-Borkowski, R. E. and Tokura, Y.},
	month = feb,
	year = {2017}
}

@article{rozsa_formation_2017,
	title = {Formation and stability of metastable skyrmionic spin structures with various topologies in an ultrathin film},
	volume = {95},
	issn = {2469-9950, 2469-9969},
	language = {en},
	urldate = {2017-04-20},
	journal = {Physical Review B},
	author = {Rózsa, Levente and Palotás, Krisztián and Deák, András and Simon, Eszter and Yanes, Rocio and Udvardi, László and Szunyogh, László and Nowak, Ulrich},
	month = mar,
	year = {2017}
}

@article{ekholm_structural_2011,
	title = {Structural and magnetic ground-state properties of γ -{FeMn} alloys from \textit{ab initio} calculations},
	volume = {84},
	issn = {1098-0121, 1550-235X},
	language = {en},
	urldate = {2017-04-24},
	journal = {Physical Review B},
	author = {Ekholm, M. and Abrikosov, I. A.},
	month = sep,
	year = {2011}
}

@article{chen_exotic_2016,
	title = {Exotic skyrmion crystals in chiral magnets with compass anisotropy},
	volume = {6},
	issn = {2045-2322},
	language = {en},
	urldate = {2017-04-25},
	journal = {Scientific Reports},
	author = {Chen, J. P. and Zhang, Dan-Wei and Liu, J. -M.},
	month = sep,
	year = {2016}
}

@article{lezaic_exchange_2013,
	title = {Exchange interactions and local-moment fluctuation corrections in ferromagnets at finite temperatures based on noncollinear density-functional calculations},
	volume = {88},
	issn = {1098-0121, 1550-235X},
	language = {en},
	urldate = {2017-05-03},
	journal = {Physical Review B},
	author = {Ležaić, Marjana and Mavropoulos, Phivos and Bihlmayer, Gustav and Blügel, Stefan},
	month = oct,
	year = {2013}
}

@article{szunyogh_giant_2009,
	title = {Giant magnetic anisotropy of the bulk antiferromagnets {IrMn} and {IrMn} 3 from first principles},
	volume = {79},
	issn = {1098-0121, 1550-235X},
	language = {en},
	urldate = {2017-05-10},
	journal = {Physical Review B},
	author = {Szunyogh, L. and Lazarovits, B. and Udvardi, L. and Jackson, J. and Nowak, U.},
	month = jan,
	year = {2009},
	pages = {020403(R)}
}

@article{yaouanc_magnetic_2017,
	title = {Magnetic structure of the {MnGe} helimagnet and representation analysis},
	volume = {95},
	issn = {2469-9950, 2469-9969},
	language = {en},
	urldate = {2017-05-16},
	journal = {Physical Review B},
	author = {Yaouanc, A. and Dalmas de Réotier, P. and Maisuradze, A. and Roessli, B.},
	month = may,
	year = {2017},
	pages = {174422}
}

@article{martin_magnetic_2016,
	title = {Magnetic ground state and spin fluctuations in {MnGe} chiral magnet as studied by muon spin rotation},
	volume = {93},
	issn = {2469-9950, 2469-9969},
	language = {en},
	urldate = {2017-05-16},
	journal = {Physical Review B},
	author = {Martin, N. and Deutsch, M. and Bert, F. and Andreica, D. and Amato, A. and Bonfà, P. and De Renzi, R. and Rößler, U. K. and Bonville, P. and Fomicheva, L. N. and Tsvyashchenko, A. V. and Mirebeau, I.},
	month = may,
	year = {2016},
	pages = {174405}
}

@article{kohn_antiferromagnetic_2013,
	title = {The antiferromagnetic structures of {IrMn}3 and their influence on exchange-bias},
	volume = {3},
	issn = {2045-2322},
	language = {en},
	urldate = {2017-05-24},
	journal = {Scientific Reports},
	author = {Kohn, A. and Kovács, A. and Fan, R. and McIntyre, G. J. and Ward, R. C. C. and Goff, J. P.},
	month = dec,
	year = {2013}
}

@article{jin_control_2017,
	title = {Control of morphology and formation of highly geometrically confined magnetic skyrmions},
	volume = {8},
	issn = {2041-1723},
	urldate = {2017-06-06},
	journal = {Nature Communications},
	author = {Jin, Chiming and Li, Zi-An and Kovács, András and Caron, Jan and Zheng, Fengshan and Rybakov, Filipp N. and Kiselev, Nikolai S. and Du, Haifeng and Blügel, Stefan and Tian, Mingliang and Zhang, Yuheng and Farle, Michael and Dunin-Borkowski, Rafal E},
	month = jun,
	year = {2017},
	pages = {15569}
}

@article{wiesmann_effect_1975,
	title = {Effect of chloroquine on cultured fibroblasts: release of lysosomal hydrolases and inhibition of their uptake},
	volume = {66},
	issn = {1090-2104},
	shorttitle = {Effect of chloroquine on cultured fibroblasts},
	language = {eng},
	journal = {Biochemical and Biophysical Research Communications},
	author = {Wiesmann, U. N. and DiDonato, S. and Herschkowitz, N. N.},
	month = oct,
	year = {1975},
	pmid = {4},
	keywords = {Humans, Biological Transport, Cells, Cultured, Cerebroside-Sulfatase, Chloroquine, Dextrans, Fibroblasts, Glucuronidase, Leukodystrophy, Metachromatic, Lysosomes, Pinocytosis, Skin, Sulfatases},
	pages = {1338--1343}
}

@article{dobretsov_[relation_1975,
	title = {[{Relation} between fluorescence and circular dichroism of the complex of the fluorescence probe 4-dimethylaminochalcone with serum albumin]},
	volume = {20},
	issn = {0006-3029},
	abstract = {The fluorescence probe(4-dimethylaminochalcone; DMH) was noncovalently linked to human serum albumin (HSA). The variation of pH was due to serum albumin structural changes, which was determined in terms of DMH and HSA fluorescence and CD spectra. Considerable changes of fluorescence and CD spectra were observed at pH 8 and 10, where there is ionization of two more recently titrated tyrosin residues. It is assumed that these two tyrosine residues are in binding region and quench the fluorescence of DMH between pH 4 to 8. Quenching disappears if these residues are ionized (pH greater than 8) or if the protein undergoes the N -F transition (pH less than 4).},
	language = {rus},
	journal = {Biofizika},
	author = {Dobretsov, G. E. and Kharitonenkov, I. G. and Mishiev, V. E. and Vladimirov, Iu A.},
	month = aug,
	year = {1975},
	pmid = {94},
	keywords = {Humans, Hydrogen-Ion Concentration, Chalcone, Circular Dichroism, Propiophenones, Serum Albumin, Spectrometry, Fluorescence},
	pages = {581--585}
}

@article{baliga_metabolism_1975,
	title = {Metabolism of thymine in tumor tissue: the origins of beta-aminoisobutyric acid},
	volume = {13},
	issn = {0065-2571},
	shorttitle = {Metabolism of thymine in tumor tissue},
	language = {eng},
	journal = {Advances in Enzyme Regulation},
	author = {Baliga, B. S. and Borek, E.},
	year = {1975},
	pmid = {174403},
	keywords = {Animals, Age Factors, Aminoisobutyric Acids, Carcinoma, Hepatocellular, Cell Line, DNA, Liver Neoplasms, Models, Chemical, RNA, Transfer, Rats, Thymidine, Thymine},
	pages = {27--36}
}

@article{scheller_studies_1975,
	title = {Studies on electron transfer between mercury electrode and hemoprotein},
	volume = {412},
	issn = {0006-3002},
	abstract = {The electrochemical behaviour of ferricytochrome c, metmyoglobin and methemoglobin was studied using d.c., a.c. and differential pulse polarography, and controlled potential electrolysis. 1. The three hemoproteins yield d.c. polarographic steps, and peaks in differential pulse polarograms, the height of which is proportional to concentration. The charge transfer is influenced by strong adsorption. 2. The concentration dependence of the a.c. polarograms indicates structural changes in the adsorbed molecules. 3. The reduction products of controlled potential electrolysis of metmyoglobin and methemoglobin have absorption spectra identical with the native control samples. The affinity for oxygen and the cooperativity in hemoglobin are not affected by the reaction at the electrode. 4. The charge transfer proceeds via adsorbed, already reduced, molecules to freely diffusible proteins.},
	language = {eng},
	journal = {Biochimica Et Biophysica Acta},
	author = {Scheller, F. and Jänchen, M. and Lampe, J. and Prümke, H. J. and Blanck, J. and Palecek, E.},
	month = nov,
	year = {1975},
	pmid = {79},
	keywords = {Hydrogen-Ion Concentration, Binding Sites, Cytochrome c Group, Protein Binding, Spectrophotometry, Electrodes, Electron Transport, Mercury, Methemoglobin, Myoglobin, Oxygen, Polarography, Potentiometry},
	pages = {157--167}
}

@article{altynbaev_hidden_2016,
	title = {Hidden quantum phase transition in  {Mn}1-{xFexGe} evidenced by small-angle neutron scattering},
	volume = {94},
	issn = {2469-9950, 2469-9969},
	language = {en},
	urldate = {2017-06-09},
	journal = {Physical Review B},
	author = {Altynbaev, E. and Siegfried, S.-A. and Moskvin, E. and Menzel, D. and Dewhurst, C. and Heinemann, A. and Feoktystov, A. and Fomicheva, L. and Tsvyashchenko, A. and Grigoriev, S.},
	month = nov,
	year = {2016},
	pages = {174403}
}

@article{wildberger_fermi-dirac_1995,
	title = {Fermi-{Dirac} distribution in ab initio {Green}'s-function calculations},
	volume = {52},
	issn = {0163-1829, 1095-3795},
	shorttitle = {Fermi-{Dirac} distribution in \textit{ab initio} {Green}?},
	language = {en},
	urldate = {2017-06-27},
	journal = {Physical Review B},
	author = {Wildberger, K. and Lang, P. and Zeller, R. and Dederichs, P. H.},
	month = oct,
	year = {1995},
	pages = {11502--11508}
}

@article{rybakov_new_2015,
	title = {New {Type} of {Stable} {Particlelike} {States} in {Chiral} {Magnets}},
	volume = {115},
	issn = {0031-9007, 1079-7114},
	language = {en},
	urldate = {2017-06-29},
	journal = {Physical Review Letters},
	author = {Rybakov, Filipp N. and Borisov, Aleksandr B. and Blügel, Stefan and Kiselev, Nikolai S.},
	month = sep,
	year = {2015}
}

@article{freund_qmr:_1991,
	title = {{QMR}: a quasi-minimal residual method for non-{Hermitian} linear systems},
	volume = {60},
	issn = {0029-599X, 0945-3245},
	shorttitle = {{QMR}},
	language = {en},
	urldate = {2017-07-04},
	journal = {Numerische Mathematik},
	author = {Freund, Roland W. and Nachtigal, Noel M.},
	month = dec,
	year = {1991},
	pages = {315--339}
}

@article{verberck_magnetic_2017,
	title = {Magnetic skyrmions: {On} a wedge},
	volume = {13},
	issn = {1745-2473, 1745-2481},
	shorttitle = {Magnetic skyrmions},
	urldate = {2017-07-05},
	journal = {Nature Physics},
	author = {Verberck, Bart},
	month = jul,
	year = {2017},
	pages = {629--629}
}

@article{zeller_application_1982,
	title = {Application of complex energy integration to selfconsistent electronic structure calculations},
	volume = {44},
	issn = {00381098},
	language = {en},
	urldate = {2017-07-06},
	journal = {Solid State Communications},
	author = {Zeller, R. and Deutz, J. and Dederichs, P.H.},
	month = nov,
	year = {1982},
	pages = {993--997}
}

@article{zeller_theory_1995,
	title = {Theory and convergence properties of the screened {Korringa}-{Kohn}-{Rostoker} method},
	volume = {52},
	issn = {0163-1829, 1095-3795},
	language = {en},
	urldate = {2017-07-06},
	journal = {Physical Review B},
	author = {Zeller, R. and Dederichs, P. H. and Újfalussy, B. and Szunyogh, L. and Weinberger, P.},
	month = sep,
	year = {1995},
	pages = {8807--8812}
}

@article{kanazawa_noncentrosymmetric_2017,
	title = {Noncentrosymmetric {Magnets} {Hosting} {Magnetic} {Skyrmions}},
	volume = {29},
	issn = {09359648},
	language = {en},
	urldate = {2017-07-10},
	journal = {Advanced Materials},
	author = {Kanazawa, Naoya and Seki, Shinichiro and Tokura, Yoshinori},
	month = jul,
	year = {2017},
	pages = {1603227}
}

@article{thiess_superparamagnetism_2012,
	title = {Superparamagnetism in {Gd}-doped {GaN} induced by {Ga}-vacancy clustering},
	volume = {86},
	issn = {1098-0121, 1550-235X},
	language = {en},
	urldate = {2017-07-12},
	journal = {Physical Review B},
	author = {Thiess, A. and Dederichs, P. H. and Zeller, R. and Blügel, S. and Lambrecht, W. R. L.},
	month = nov,
	year = {2012}
}

@article{zhang_role_2012,
	title = {Role of vacancies in metal–insulator transitions of crystalline phase-change materials},
	volume = {11},
	issn = {1476-1122, 1476-4660},
	urldate = {2017-07-12},
	journal = {Nature Materials},
	author = {Zhang, W. and Thiess, A. and Zalden, P. and Zeller, R. and Dederichs, P. H. and Raty, J-Y. and Wuttig, M. and Blügel, S. and Mazzarello, R.},
	month = oct,
	year = {2012},
	pages = {952--956}
}

@article{lebech_magnetic_1989,
	title = {Magnetic structures of cubic {FeGe} studied by small-angle neutron scattering},
	volume = {1},
	issn = {0953-8984, 1361-648X},
	urldate = {2017-07-12},
	journal = {Journal of Physics: Condensed Matter},
	author = {Lebech, B and Bernhard, J and Freltoft, T},
	month = sep,
	year = {1989},
	pages = {6105--6122}
}

@article{crum_perpendicular_2015,
	title = {Perpendicular reading of single confined magnetic skyrmions},
	volume = {6},
	issn = {2041-1723},
	urldate = {2017-07-14},
	journal = {Nature Communications},
	author = {Crum, Dax M. and Bouhassoune, Mohammed and Bouaziz, Juba and Schweflinghaus, Benedikt and Blügel, Stefan and Lounis, Samir},
	month = oct,
	year = {2015},
	pages = {8541}
}

@article{woo_observation_2016,
	title = {Observation of room-temperature magnetic skyrmions and their current-driven dynamics in ultrathin metallic ferromagnets},
	volume = {15},
	issn = {1476-1122, 1476-4660},
	urldate = {2017-07-14},
	journal = {Nature Materials},
	author = {Woo, Seonghoon and Litzius, Kai and Krüger, Benjamin and Im, Mi-Young and Caretta, Lucas and Richter, Kornel and Mann, Maxwell and Krone, Andrea and Reeve, Robert M. and Weigand, Markus and Agrawal, Parnika and Lemesh, Ivan and Mawass, Mohamad-Assaad and Fischer, Peter and Kläui, Mathias and Beach, Geoffrey S. D.},
	month = feb,
	year = {2016},
	pages = {501--506}
}

@article{jarvisalo_action_1975,
	title = {Action of propranolol on mitochondrial functions--effects on energized ion fluxes in the presence of valinomycin},
	volume = {24},
	issn = {0006-2952},
	language = {eng},
	journal = {Biochemical Pharmacology},
	author = {Järvisalo, J. and Saris, N. E.},
	month = sep,
	year = {1975},
	pmid = {13},
	keywords = {Animals, Hydrogen-Ion Concentration, Rats, Adenosine Triphosphatases, Adenosine Triphosphate, In Vitro Techniques, Mitochondria, Mitochondria, Liver, Mitochondrial Swelling, Nigericin, Oxidative Phosphorylation, Oxygen Consumption, Potassium, Propranolol, Time Factors, Valinomycin},
	pages = {1701--1705}
}

@article{marchenko_[anaphylactic_1975,
	title = {[{Anaphylactic} shock as a response to subcutaneous administration of pantocrine]},
	issn = {0049-6804},
	language = {rus},
	journal = {Vrachebnoe Delo},
	author = {Marchenko, L. I. and Kats, M. A.},
	month = aug,
	year = {1975},
	pmid = {3883},
	keywords = {Humans, Animals, Anaphylaxis, Antlers, Central Nervous System Stimulants, Female, Injections, Subcutaneous, Middle Aged, Tissue Extracts},
	pages = {135--136}
}

@article{jiang_direct_2016,
	title = {Direct observation of the skyrmion {Hall} effect},
	volume = {13},
	issn = {1745-2473, 1745-2481},
	urldate = {2017-07-14},
	journal = {Nature Physics},
	author = {Jiang, Wanjun and Zhang, Xichao and Yu, Guoqiang and Zhang, Wei and Wang, Xiao and Benjamin Jungfleisch, M. and Pearson, John E. and Cheng, Xuemei and Heinonen, Olle and Wang, Kang L. and Zhou, Yan and Hoffmann, Axel and te Velthuis, Suzanne G. E.},
	month = sep,
	year = {2016},
	pages = {162--169}
}

@article{ma_dzyaloshinskii-moriya_2017,
	title = {Dzyaloshinskii-{Moriya} {Interaction} across an {Antiferromagnet}-{Ferromagnet} {Interface}},
	volume = {119},
	issn = {0031-9007, 1079-7114},
	language = {en},
	urldate = {2017-07-17},
	journal = {Physical Review Letters},
	author = {Ma, Xin and Yu, Guoqiang and Razavi, Seyed A. and Sasaki, Stephen S. and Li, Xiang and Hao, Kai and Tolbert, Sarah H. and Wang, Kang L. and Li, Xiaoqin},
	month = jul,
	year = {2017}
}

@article{castelvecchi_strange_2017,
	title = {The strange topology that is reshaping physics},
	volume = {547},
	issn = {0028-0836, 1476-4687},
	urldate = {2017-07-20},
	journal = {Nature},
	author = {Castelvecchi, Davide},
	month = jul,
	year = {2017},
	pages = {272--274}
}

@article{martin_long-period_2017,
	title = {Long-period helical structures and twist-grain boundary phases induced by chemical substitution in the {Mn} 1 - x ( {Co} , {Rh} ) x {Ge} chiral magnet},
	volume = {96},
	issn = {2469-9950, 2469-9969},
	language = {en},
	urldate = {2017-08-08},
	journal = {Physical Review B},
	author = {Martin, N. and Deutsch, M. and Chaboussant, G. and Damay, F. and Bonville, P. and Fomicheva, L. N. and Tsvyashchenko, A. V. and Rössler, U. K. and Mirebeau, I.},
	month = jul,
	year = {2017}
}

@article{rybakov_new_2016,
	title = {New spiral state and skyrmion lattice in 3D model of chiral magnets},
	volume = {18},
	issn = {1367-2630},
	urldate = {2017-08-11},
	journal = {New Journal of Physics},
	author = {Rybakov, Filipp N and Borisov, Aleksandr B and Blügel, Stefan and Kiselev, Nikolai S},
	month = apr,
	year = {2016},
	pages = {045002}
}

@article{bode_chiral_2007,
	title = {Chiral magnetic order at surfaces driven by inversion asymmetry},
	volume = {447},
	issn = {0028-0836, 1476-4687},
	urldate = {2017-08-11},
	journal = {Nature},
	author = {Bode, M. and Heide, M. and von Bergmann, K. and Ferriani, P. and Heinze, S. and Bihlmayer, G. and Kubetzka, A. and Pietzsch, O. and Blügel, S. and Wiesendanger, R.},
	month = may,
	year = {2007},
	pages = {190--193}
}

@article{heinze_spontaneous_2011,
	title = {Spontaneous atomic-scale magnetic skyrmion lattice in two dimensions},
	volume = {7},
	issn = {1745-2473, 1745-2481},
	urldate = {2017-08-11},
	journal = {Nature Physics},
	author = {Heinze, Stefan and von Bergmann, Kirsten and Menzel, Matthias and Brede, Jens and Kubetzka, André and Wiesendanger, Roland and Bihlmayer, Gustav and Blügel, Stefan},
	month = jul,
	year = {2011},
	pages = {713--718}
}

@article{brede_long-range_2014,
	title = {Long-range magnetic coupling between nanoscale organic–metal hybrids mediated by a nanoskyrmion lattice},
	volume = {9},
	issn = {1748-3387, 1748-3395},
	urldate = {2017-08-11},
	journal = {Nature Nanotechnology},
	author = {Brede, Jens and Atodiresei, Nicolae and Caciuc, Vasile and Bazarnik, Maciej and Al-Zubi, Ali and Blügel, Stefan and Wiesendanger, Roland},
	month = oct,
	year = {2014},
	pages = {1018--1023}
}

@article{dupe_engineering_2016,
	title = {Engineering skyrmions in transition-metal multilayers for spintronics},
	volume = {7},
	issn = {2041-1723},
	urldate = {2017-08-11},
	journal = {Nature Communications},
	author = {Dupé, B. and Bihlmayer, G. and Böttcher, M. and Blügel, S. and Heinze, S.},
	month = jun,
	year = {2016},
	pages = {11779}
}

@article{muhlbauer_skyrmion_2009,
	title = {Skyrmion {Lattice} in a {Chiral} {Magnet}},
	volume = {323},
	issn = {0036-8075, 1095-9203},
	language = {en},
	urldate = {2017-08-11},
	journal = {Science},
	author = {Mühlbauer, S. and Binz, B. and Jonietz, F. and Pfleiderer, C. and Rosch, A. and Neubauer, A. and Georgii, R. and Boni, P.},
	month = feb,
	year = {2009},
	pages = {915--919}
}

@article{yu_real-space_2010,
	title = {Real-space observation of a two-dimensional skyrmion crystal},
	volume = {465},
	issn = {0028-0836, 1476-4687},
	urldate = {2017-08-11},
	journal = {Nature},
	author = {Yu, X. Z. and Onose, Y. and Kanazawa, N. and Park, J. H. and Han, J. H. and Matsui, Y. and Nagaosa, N. and Tokura, Y.},
	month = jun,
	year = {2010},
	pages = {901--904}
}

@article{yu_near_2011,
	title = {Near room-temperature formation of a skyrmion crystal in thin-films of the helimagnet {FeGe}},
	volume = {10},
	issn = {1476-1122, 1476-4660},
	urldate = {2017-08-11},
	journal = {Nature Materials},
	author = {Yu, X. Z. and Kanazawa, N. and Onose, Y. and Kimoto, K. and Zhang, W. Z. and Ishiwata, S. and Matsui, Y. and Tokura, Y.},
	month = feb,
	year = {2011},
	pages = {106--109}
}

@article{shibata_towards_2013,
	title = {Towards control of the size and helicity of skyrmions in helimagnetic alloys by spin–orbit coupling},
	volume = {8},
	issn = {1748-3387, 1748-3395},
	urldate = {2017-08-11},
	journal = {Nature Nanotechnology},
	author = {Shibata, K. and Yu, X. Z. and Hara, T. and Morikawa, D. and Kanazawa, N. and Kimoto, K. and Ishiwata, S. and Matsui, Y. and Tokura, Y.},
	month = sep,
	year = {2013},
	pages = {723--728}
}

@article{kanazawa_critical_2016,
	title = {Critical phenomena of emergent magnetic monopoles in a chiral magnet},
	volume = {7},
	issn = {2041-1723},
	urldate = {2017-08-21},
	journal = {Nature Communications},
	author = {Kanazawa, N. and Nii, Y. and Zhang, X. -X. and Mishchenko, A. S. and De Filippis, G. and Kagawa, F. and Iwasa, Y. and Nagaosa, N. and Tokura, Y.},
	month = may,
	year = {2016},
	pages = {11622}
}

@article{park_zero-temperature_2011,
	title = {Zero-temperature phases for chiral magnets in three dimensions},
	volume = {83},
	issn = {1098-0121, 1550-235X},
	language = {en},
	urldate = {2017-08-21},
	journal = {Physical Review B},
	author = {Park, Jin-Hong and Han, Jung Hoon},
	month = may,
	year = {2011}
}

@article{chen_helical_2017,
	title = {Helical and skyrmion lattice phases in three-dimensional chiral magnets: {Effect} of anisotropic interactions},
	volume = {7},
	issn = {2045-2322},
	shorttitle = {Helical and skyrmion lattice phases in three-dimensional chiral magnets},
	language = {en},
	urldate = {2017-09-04},
	journal = {Scientific Reports},
	author = {Chen, J. and Cai, W. P. and Qin, M. H. and Dong, S. and Lu, X. B. and Gao, X. S. and Liu, J.-M.},
	month = dec,
	year = {2017}
}

@book{heers_effect_2011,
	address = {Jülich},
	series = {Schriften des {Forschungszentrums} {Jülich} {Reihe} {Schlüsseltechnologien}},
	title = {Effect of spin-orbit scattering on transport properties of low-dimensional dilute alloys},
	isbn = {978-3-89336-747-4},
	abstract = {Zsfassung in engl. u. dt. Sprache},
	language = {eng},
	publisher = {Forschungszentrum},
	author = {Heers, Swantje},
	year = {2011},
	note = {OCLC: 780108986},
	keywords = {Ab-initio-Rechnung, Hochschulschrift, Kristallfläche, Elektronenstreuung, Gold, Kupfer, Paperback / softback, Silber, Spin-Bahn-Wechselwirkung, Spinrelaxation, Störstelle},
	annote = {Zugl.: Aachen, Techn. Hochsch., Diss., 2011},
	file = {Table of Contents PDF:/Users/borne/Zotero/storage/WKR4PB6U/Heers - 2011 - Effect of spin-orbit scattering on transport prope.pdf:application/pdf}
}

@article{hirai_magnetism_1997,
	title = {Magnetism in {Spin}-{Density}-{Wave} {Chromium} from {First}-{Principles} {Calculation}},
	volume = {66},
	issn = {0031-9015, 1347-4073},
	language = {en},
	urldate = {2017-09-08},
	journal = {Journal of the Physical Society of Japan},
	author = {Hirai, Kunitomo},
	month = mar,
	year = {1997},
	pages = {560--563}
}

@article{hafner_magnetic_2002,
	title = {Magnetic ground state of {Cr} in density-functional theory},
	volume = {65},
	issn = {0163-1829, 1095-3795},
	language = {en},
	urldate = {2017-09-08},
	journal = {Physical Review B},
	author = {Hafner, R. and Spišák, D. and Lorenz, R. and Hafner, J.},
	month = may,
	year = {2002}
}

@article{hsu_observation_2013,
	title = {Observation of a spin-density wave node on antiferromagnetic {Cr}(110) islands},
	volume = {87},
	issn = {1098-0121, 1550-235X},
	language = {en},
	urldate = {2017-09-08},
	journal = {Physical Review B},
	author = {Hsu, Pin-Jui and Mauerer, Tobias and Wu, Weida and Bode, Matthias},
	month = mar,
	year = {2013}
}

@article{zabel_magnetism_1999,
	title = {Magnetism of chromium at surfaces, at interfaces and in thin films},
	volume = {11},
	issn = {0953-8984, 1361-648X},
	urldate = {2017-09-11},
	journal = {Journal of Physics: Condensed Matter},
	author = {Zabel, Hartmut},
	month = dec,
	year = {1999},
	pages = {9303--9346}
}

@article{fujima_thermodynamically_2017,
	title = {Thermodynamically stable skyrmion lattice at low temperatures in a bulk crystal of lacunar spinel {GaV} 4 {Se} 8},
	volume = {95},
	issn = {2469-9950, 2469-9969},
	language = {en},
	urldate = {2017-10-11},
	journal = {Physical Review B},
	author = {Fujima, Y. and Abe, N. and Tokunaga, Y. and Arima, T.},
	month = may,
	year = {2017}
}

@article{bordacs_equilibrium_2017,
	title = {Equilibrium {Skyrmion} {Lattice} {Ground} {State} in a {Polar} {Easy}-plane {Magnet}},
	volume = {7},
	issn = {2045-2322},
	language = {en},
	urldate = {2017-10-11},
	journal = {Scientific Reports},
	author = {Bordács, S. and Butykai, A. and Szigeti, B. G. and White, J. S. and Cubitt, R. and Leonov, A. O. and Widmann, S. and Ehlers, D. and von Nidda, H.-A. Krug and Tsurkan, V. and Loidl, A. and Kézsmárki, I.},
	month = dec,
	year = {2017}
}

@article{zeller_multiple-scattering_1987,
	title = {Multiple-scattering solution of {Schrodinger}'s equation for potentials of general shape},
	volume = {20},
	issn = {0022-3719},
	urldate = {2017-11-06},
	journal = {Journal of Physics C: Solid State Physics},
	author = {Zeller, R},
	month = jun,
	year = {1987},
	pages = {2347--2360}
}

@article{papanikolaou_conceptual_2002,
	title = {Conceptual improvements of the {KKR} method},
	volume = {14},
	issn = {0953-8984, 1361-648X},
	urldate = {2017-11-08},
	journal = {Journal of Physics: Condensed Matter},
	author = {Papanikolaou, N and Zeller, R and Dederichs, P H},
	month = mar,
	year = {2002},
	pages = {2799--2823}
}

@book{zimmermann_ab_2014,
	address = {Jülich},
	series = {Schriften des {Forschungszentrums} {Jülich} : {Reihe} {Schlüsseltechnologien}},
	title = {Ab initio description of transverse transport due to impurity scattering in transition-metals},
	isbn = {978-3-89336-985-0},
	language = {eng},
	publisher = {Forschungszentrum Jülich, Zentralbibliothek},
	author = {Zimmermann, Bernd},
	year = {2014},
	note = {OCLC: 895307563},
	annote = {Zugl.: Aachen, Techn. Hochsch., Diss., 2014},
	file = {Table of Contents PDF:/Users/borne/Zotero/storage/NEI94FTM/Zimmermann - 2014 - Ab initio description of transverse transport due .pdf:application/pdf}
}

@article{zeller_dirac_2015,
	title = {Dirac {Green} function for angular projection potentials},
	volume = {27},
	issn = {0953-8984, 1361-648X},
	urldate = {2017-11-15},
	journal = {Journal of Physics: Condensed Matter},
	author = {Zeller, Rudolf},
	month = nov,
	year = {2015},
	pages = {465201}
}

@article{korringa_calculation_1947,
	title = {On the calculation of the energy of a {Bloch} wave in a metal},
	volume = {13},
	issn = {00318914},
	language = {en},
	urldate = {2017-11-15},
	journal = {Physica},
	author = {Korringa, J},
	month = aug,
	year = {1947},
	pages = {392--400}
}

@article{kohn_solution_1954,
	title = {Solution of the {Schrödinger} {Equation} in {Periodic} {Lattices} with an {Application} to {Metallic} {Lithium}},
	volume = {94},
	issn = {0031-899X},
	language = {en},
	urldate = {2017-11-15},
	journal = {Physical Review},
	author = {Kohn, W. and Rostoker, N.},
	month = jun,
	year = {1954},
	pages = {1111--1120}
}

@article{dupree_electron_1961,
	title = {Electron scattering in a crystal lattice},
	volume = {15},
	issn = {00034916},
	language = {en},
	urldate = {2017-11-15},
	journal = {Annals of Physics},
	author = {Dupree, Thomas H},
	month = jul,
	year = {1961},
	pages = {63--78}
}

@article{morgan_bloch_1966,
	title = {Bloch waves and scattering by impurities},
	volume = {89},
	issn = {0370-1328},
	urldate = {2017-11-15},
	journal = {Proceedings of the Physical Society},
	author = {Morgan, G J},
	month = oct,
	year = {1966},
	pages = {365--371}
}

@book{drittler_kkr-greensche_1991,
	series = {Berichte des {Forschungszentrums} {Jülich}},
	title = {{KKR}-{Greensche} {Funktionsmethode} für das volle {Zellpotential}},
	publisher = {Forschungszentrum Jülich},
	author = {Drittler, B. H.},
	year = {1991}
}

@article{shiba_reformulation_1971,
	title = {A {Reformulation} of the {Coherent} {Potential} {Approximation} and {Its} {Applications}},
	volume = {46},
	issn = {0033-068X},
	language = {en},
	urldate = {2017-11-21},
	journal = {Progress of Theoretical Physics},
	author = {Shiba, Hiroyuki},
	month = jul,
	year = {1971},
	pages = {77--94}
}

@book{eriksson_atomistic_2017,
	address = {Oxford},
	edition = {First edition},
	title = {Atomistic spin dynamics: foundations and applications},
	isbn = {978-0-19-878866-9},
	shorttitle = {Atomistic spin dynamics},
	publisher = {Oxford University Press},
	author = {Eriksson, Olle and Bergman, Anders and Bergqvist, Lars and Hellsvik, Johan},
	year = {2017},
	keywords = {Magnetization, Rotational motion}
}

@book{chico_carpio_magnetization_2016,
	series = {Digital {Comprehensive} {Summaries} of {Uppsala} {Dissertations} from the {Faculty} of {Science} and {Technology}},
	title = {Magnetization dynamics on the nanoscale : {From} first principles to atomistic spin dynamics},
	isbn = {978-91-554-9598-5},
	author = {Chico Carpio, Jonathan Philippe},
	year = {2016}
}

@article{antropov_spin_1996,
	title = {Spin dynamics in magnets: {Equation} of motion and finite temperature effects},
	volume = {54},
	issn = {0163-1829, 1095-3795},
	shorttitle = {Spin dynamics in magnets},
	language = {en},
	urldate = {2017-11-29},
	journal = {Physical Review B},
	author = {Antropov, V. P. and Katsnelson, M. I. and Harmon, B. N. and van Schilfgaarde, M. and Kusnezov, D.},
	month = jul,
	year = {1996},
	pages = {1019--1035}
}

@article{fert_magnetic_2017,
	title = {Magnetic skyrmions: advances in physics and potential applications},
	volume = {2},
	issn = {2058-8437},
	shorttitle = {Magnetic skyrmions},
	urldate = {2017-11-30},
	journal = {Nature Reviews Materials},
	author = {Fert, Albert and Reyren, Nicolas and Cros, Vincent},
	month = jun,
	year = {2017},
	pages = {17031}
}

@article{liechtenstein_local_1987,
	title = {Local spin density functional approach to the theory of exchange interactions in ferromagnetic metals and alloys},
	volume = {67},
	issn = {03048853},
	language = {en},
	urldate = {2017-12-01},
	journal = {Journal of Magnetism and Magnetic Materials},
	author = {Liechtenstein, A.I. and Katsnelson, M.I. and Antropov, V.P. and Gubanov, V.A.},
	month = may,
	year = {1987},
	pages = {65--74}
}

@book{zalesny_linear-scaling_2011,
	address = {Dordrecht},
	title = {Linear-{Scaling} {Techniques} in {Computational} {Chemistry} and {Physics}},
	isbn = {978-90-481-2852-5},
	language = {en},
	urldate = {2017-12-07},
	publisher = {Springer Netherlands},
	editor = {Zalesny, Robert and Papadopoulos, Manthos G. and Mezey, Paul G. and Leszczynski, Jerzy},
	year = {2011},
}

@article{hestenes_methods_1952,
	title = {Methods of conjugate gradients for solving linear systems},
	volume = {49},
	issn = {0091-0635},
	language = {en},
	urldate = {2017-12-08},
	journal = {Journal of Research of the National Bureau of Standards},
	author = {Hestenes, M.R. and Stiefel, E.},
	month = dec,
	year = {1952},
	pages = {409}
}

@book{saad_iterative_2003,
	address = {Philadelphia},
	edition = {2nd ed},
	title = {Iterative methods for sparse linear systems},
	isbn = {978-0-89871-534-7},
	publisher = {SIAM},
	author = {Saad, Y.},
	year = {2003},
	keywords = {Differential equations, Partial, Iterative methods (Mathematics), Numerical solutions, Sparse matrices}
}

@article{anderson_iterative_1965,
	title = {Iterative {Procedures} for {Nonlinear} {Integral} {Equations}},
	volume = {12},
	issn = {00045411},
	urldate = {2017-12-12},
	journal = {Journal of the ACM},
	author = {Anderson, Donald G.},
	month = oct,
	year = {1965},
	pages = {547--560}
}

@techreport{nachtigal_combining_1994,
	title = {Combining the {QMR} method with first principles electronic structure codes},
	author = {Nachtigal, Noel M. and Shelton, William A. and Stocks, George M.},
	year = {1994}
}

@article{deutsch_two-step_2014,
	title = {Two-step pressure-induced collapse of magnetic order in the {MnGe} chiral magnet},
	volume = {89},
	issn = {1098-0121, 1550-235X},
	language = {en},
	urldate = {2017-12-21},
	journal = {Physical Review B},
	author = {Deutsch, M. and Makarova, O. L. and Hansen, T. C. and Fernandez-Diaz, M. T. and Sidorov, V. A. and Tsvyashchenko, A. V. and Fomicheva, L. N. and Porcher, F. and Petit, S. and Koepernik, K. and Rößler, U. K. and Mirebeau, I.},
	month = may,
	year = {2014},
	pages = {180407(R)}
}

@article{ebert_manipulation_1997,
	title = {Manipulation of the spin-orbit coupling using the {Dirac} equation for spin-dependent potentials},
	volume = {56},
	issn = {0163-1829, 1095-3795},
	language = {en},
	urldate = {2018-01-08},
	journal = {Physical Review B},
	author = {Ebert, H. and Freyer, H. and Deng, M.},
	month = oct,
	year = {1997},
	pages = {9454--9460}
}

@article{takeda_scalar_1978,
	title = {The scalar relativistic approximation},
	volume = {32},
	issn = {0340-224X, 1434-6036},
	language = {en},
	urldate = {2018-01-08},
	journal = {Zeitschrift für Physik B Condensed Matter and Quanta},
	author = {Takeda, T.},
	month = mar,
	year = {1978},
	pages = {43--48}
}

@article{dongarra_international_2011,
	title = {The {International} {Exascale} {Software} {Project} roadmap},
	volume = {25},
	issn = {1094-3420, 1741-2846},
	language = {en},
	urldate = {2018-01-09},
	journal = {The International Journal of High Performance Computing Applications},
	author = {Dongarra, Jack and Beckman, Pete and Moore, Terry and Aerts, Patrick and Aloisio, Giovanni and Andre, Jean-Claude and Barkai, David and Berthou, Jean-Yves and Boku, Taisuke and Braunschweig, Bertrand and Cappello, Franck and Chapman, Barbara and {Xuebin Chi} and Choudhary, Alok and Dosanjh, Sudip and Dunning, Thom and Fiore, Sandro and Geist, Al and Gropp, Bill and Harrison, Robert and Hereld, Mark and Heroux, Michael and Hoisie, Adolfy and Hotta, Koh and {Zhong Jin} and Ishikawa, Yutaka and Johnson, Fred and Kale, Sanjay and Kenway, Richard and Keyes, David and Kramer, Bill and Labarta, Jesus and Lichnewsky, Alain and Lippert, Thomas and Lucas, Bob and Maccabe, Barney and Matsuoka, Satoshi and Messina, Paul and Michielse, Peter and Mohr, Bernd and Mueller, Matthias S. and Nagel, Wolfgang E. and Nakashima, Hiroshi and Papka, Michael E and Reed, Dan and Sato, Mitsuhisa and Seidel, Ed and Shalf, John and Skinner, David and Snir, Marc and Sterling, Thomas and Stevens, Rick and Streitz, Fred and Sugar, Bob and Sumimoto, Shinji and Tang, William and Taylor, John and Thakur, Rajeev and Trefethen, Anne and Valero, Mateo and van der Steen, Aad and Vetter, Jeffrey and Williams, Peg and Wisniewski, Robert and Yelick, Kathy},
	month = feb,
	year = {2011},
	pages = {3--60}
}

@techreport{mcclanahan_chris_history_2010,
	title = {History and {Evolution} of {GPU} {Architecture}},
	urldate = {2018-10-01},
	author = {McClanahan, Chris},
	year = {2010}
}

@article{noauthor_ieee_1985,
	title = {{IEEE} {Standard} for {Binary} {Floating}-{Point} {Arithmetic}},
	language = {English},
	urldate = {2018-01-10},
	year = {1985},
	note = {OCLC: 958657161}
}

@misc{noauthor_whitepaper:_nodate,
	title = {Whitepaper: {NVIDIA}’s {Next} {Generation} {CUDA} {Compute} {Architecture}: {Kepler} {GK}110/210},
}

@article{langreth_theory_1980,
	title = {Theory of nonuniform electronic systems. {I}. {Analysis} of the gradient approximation and a generalization that works},
	volume = {21},
	issn = {0163-1829},
	language = {en},
	urldate = {2018-01-12},
	journal = {Physical Review B},
	author = {Langreth, David C. and Perdew, John P.},
	month = jun,
	year = {1980},
	pages = {5469--5493}
}

@article{perdew_generalized_1991,
	title = {Generalized gradient approximations for exchange and correlation: {A} look backward and forward},
	volume = {172},
	issn = {09214526},
	shorttitle = {Generalized gradient approximations for exchange and correlation},
	language = {en},
	urldate = {2018-01-15},
	journal = {Physica B: Condensed Matter},
	author = {Perdew, John P.},
	month = jun,
	year = {1991},
	pages = {1--6}
}

@article{zhang_electric_2016,
	title = {Electric transport in three-dimensional skyrmion/monopole crystal},
	volume = {94},
	issn = {2469-9950, 2469-9969},
	language = {en},
	urldate = {2018-01-16},
	journal = {Physical Review B},
	author = {Zhang, Xiao-Xiao and Mishchenko, Andrey S. and De Filippis, Giulio and Nagaosa, Naoto},
	month = nov,
	year = {2016},
	pages = {174428}
}

@article{wang_spin_1991,
	title = {Spin scaling of the electron-gas correlation energy in the high-density limit},
	volume = {43},
	issn = {0163-1829, 1095-3795},
	language = {en},
	urldate = {2018-01-18},
	journal = {Physical Review B},
	author = {Wang, Yue and Perdew, John P.},
	month = apr,
	year = {1991},
	pages = {8911--8916}
}

@article{gell-mann_correlation_1957,
	title = {Correlation {Energy} of an {Electron} {Gas} at {High} {Density}},
	volume = {106},
	issn = {0031-899X},
	language = {en},
	urldate = {2018-01-18},
	journal = {Physical Review},
	author = {Gell-Mann, Murray and Brueckner, Keith A.},
	month = apr,
	year = {1957},
	pages = {364--368}
}

@article{levy_asymptotic_2009,
	title = {Asymptotic coordinate scaling bound for exchange-correlation energy in density-functional theory},
	volume = {36},
	issn = {00207608, 1097461X},
	language = {en},
	urldate = {2018-01-18},
	journal = {International Journal of Quantum Chemistry},
	author = {Levy, Mel},
	month = jun,
	year = {2009},
	pages = {617--619}
}

@article{bowen_static_1994,
	title = {Static dielectric response of the electron gas},
	volume = {50},
	issn = {0163-1829, 1095-3795},
	language = {en},
	urldate = {2018-01-19},
	journal = {Physical Review B},
	author = {Bowen, C. and Sugiyama, G. and Alder, B. J.},
	month = nov,
	year = {1994},
	pages = {14838--14848}
}

@article{lieb_improved_1981,
	title = {Improved lower bound on the indirect {Coulomb} energy},
	volume = {19},
	issn = {0020-7608, 1097-461X},
	language = {en},
	urldate = {2018-01-22},
	journal = {International Journal of Quantum Chemistry},
	author = {Lieb, Elliott H. and Oxford, Stephen},
	month = mar,
	year = {1981},
	pages = {427--439}
}

@article{treusch_energy_1966,
	title = {Energy {Band} {Structures} of {Selenium} and {Tellurium} ({Kohn}-{Rostoker} {Method})},
	volume = {16},
	issn = {03701972, 15213951},
	language = {de},
	urldate = {2018-01-24},
	journal = {physica status solidi (b)},
	author = {Treusch, J. and Sandrock, R.},
	year = {1966},
	pages = {487--497}
}

@book{ielmini_resistive_2016,
	address = {Weinheim},
	title = {Resistive switching: from fundamentals of nanoionic redox processes to memristive device applications},
	isbn = {978-3-527-68093-1},
	shorttitle = {Resistive switching},
	language = {eng},
	publisher = {Wiley-VCH Verlag GmbH \& Co. KGaA},
	editor = {Ielmini, Daniele and Waser, Rainer},
	year = {2016},
	note = {OCLC: 915163669},
	annote = {Includes bibliographical references and index},
	file = {Table of Contents PDF:/Users/borne/Zotero/storage/HXVPTC2Y/Ielmini and Waser - 2016 - Resistive switching from fundamentals of nanoioni.pdf:application/pdf}
}

@book{zabloudil_electron_2005,
	address = {Berlin, Heidelberg},
	series = {Springer {Series} in {Solid}-{State} {Sciences}},
	title = {Electron {Scattering} in {Solid} {Matter}},
	volume = {147},
	isbn = {978-3-540-22524-9},
	urldate = {2018-01-26},
	publisher = {Springer Berlin Heidelberg},
	editor = {Zabloudil, Jan and Hammerling, Robert and Weinberger, Peter and Szunyogh, Laszlo and Cardona, Manuel and Fulde, Peter and von Klitzing, Klaus and Queisser, Hans-Joachim and Merlin, Roberto and Störmer, Horst},
	year = {2005},
}

@inproceedings{amdahl_validity_1967,
	series = {{AFIPS} '67 ({Spring})},
	title = {Validity of the {Single} {Processor} {Approach} to {Achieving} {Large} {Scale} {Computing} {Capabilities}},
	language = {en},
	urldate = {2018-02-02},
	booktitle = {Proceedings of the {April} 18-20, 1967, {Spring} {Joint} {Computer} {Conference}},
	publisher = {ACM Press},
	author = {Amdahl, Gene M.},
	year = {1967},
	pages = {483}
}

@misc{noauthor_mpi_nodate,
	title = {The {MPI} {Forum}: {The} {Message} {Passing} {Interface} ({MPI}) (see mpi-forum.org/docs)},
}

@misc{noauthor_openmp_nodate,
	title = {{OpenMP} {Application} {Program} {Interface}, {Version} 4.5 (see openmp.org)},
}

@book{blugel_topological_2017,
	title = {Topological matter - topological insulators, skyrmions and majoranas lecture notes of the 48th {IFF} {Spring} {School} 2017},
	isbn = {978-3-95806-202-3},
	language = {English},
	editor = {Blügel, Stefan},
	year = {2017},
	note = {OCLC: 984748237}
}

@article{manchon_new_2015,
	title = {New perspectives for {Rashba} spin–orbit coupling},
	volume = {14},
	issn = {1476-1122, 1476-4660},
	language = {en},
	urldate = {2018-02-09},
	journal = {Nature Materials},
	author = {Manchon, A. and Koo, H. C. and Nitta, J. and Frolov, S. M. and Duine, R. A.},
	month = sep,
	year = {2015},
	pages = {871--882}
}

@article{hirsch_spin_1999,
	title = {Spin {Hall} {Effect}},
	volume = {83},
	issn = {0031-9007, 1079-7114},
	language = {en},
	urldate = {2018-02-18},
	journal = {Physical Review Letters},
	author = {Hirsch, J. E.},
	month = aug,
	year = {1999},
	pages = {1834--1837}
}

@article{prodan_nearsightedness_2005,
	title = {Nearsightedness of electronic matter},
	volume = {102},
	issn = {0027-8424, 1091-6490},
	language = {en},
	urldate = {2018-02-20},
	journal = {Proceedings of the National Academy of Sciences},
	author = {Prodan, E. and Kohn, W.},
	month = aug,
	year = {2005},
	pages = {11635--11638}
}

@article{wang_order-n_1995,
	title = {Order-{N} {Multiple} {Scattering} {Approach} to {Electronic} {Structure} {Calculations}},
	volume = {75},
	issn = {0031-9007, 1079-7114},
	language = {en},
	urldate = {2018-02-20},
	journal = {Physical Review Letters},
	author = {Wang, Yang and Stocks, G. M. and Shelton, W. A. and Nicholson, D. M. C. and Szotek, Z. and Temmerman, W. M.},
	month = oct,
	year = {1995},
	pages = {2867--2870}
}

@article{bowler_on_2012,
	title = {O({N}) methods in electronic structure calculations},
	volume = {75},
	issn = {0034-4885, 1361-6633},
	urldate = {2018-02-20},
	journal = {Reports on Progress in Physics},
	author = {Bowler, D R and Miyazaki, T},
	month = mar,
	year = {2012},
	pages = {036503}
}

@misc{noauthor_top_nodate,
	title = {Top 500 {List} (see www.top500.org)},
}

@misc{gupta_what_nodate,
	title = {What {Is} {NVLink}? {And} {How} {Will} {It} {Make} the {World}’s {Fastest} {Computers} {Possible}?},
	urldate = {2018-02-26},
	author = {Gupta, Sumit},
	annote = {Available at {\textbackslash}url\{https://blogs.nvidia.com/blog/2014/11/14/what-is-nvlink/\}}
}

@misc{noauthor_cusparse_nodate,
	title = {{cuSPARSE} {Documentation} (see docs.nvidia.com/cuda/cusparse)},
}

@article{goldberg_what_1991,
	title = {What every computer scientist should know about floating-point arithmetic},
	volume = {23},
	issn = {03600300},
	urldate = {2018-02-23},
	journal = {ACM Computing Surveys},
	author = {Goldberg, David},
	month = mar,
	year = {1991},
	pages = {5--48}
}

@misc{noauthor_cuda_nodate,
	title = {{CUDA} {Documentation} (see docs.nvidia.com/cuda)},
	urldate = {2018-02-26}
}

@article{schmoldt_digitoxin_1975,
	title = {Digitoxin metabolism by rat liver microsomes},
	volume = {24},
	issn = {1873-2968},
	language = {eng},
	journal = {Biochemical Pharmacology},
	author = {Schmoldt, A. and Benthe, H. F. and Haberland, G.},
	month = sep,
	year = {1975},
	pmid = {10},
	keywords = {Animals, Rats, In Vitro Techniques, Time Factors, Chromatography, Thin Layer, Digitoxigenin, Digitoxin, Hydroxylation, Male, Microsomes, Liver, NADP},
	pages = {1639--1641}
}

@article{hems_biochemical_1975,
	title = {Biochemical aspects of renal ammonia formation in metabolic acidosis},
	volume = {20},
	issn = {0013-9432},
	abstract = {In omnivorous creatures, the diet is acidogenic, especially as a result of the meat content, which gives rise to phosphoric and sulphuric acids, i.e., to metabolic acidosis. In the short term, metabolic acids are buffered by tissue proteins and bicarbonate (the 'alkali reserve'). In the longer term, acid must be excreted, or neutralized with base which is also generated from the diet, by conversion of dietary amino-nitrogen to ammonia. The final steps of this process occur in the kidney, which converts circulating glutamine to ammonia, and to carbon products such as glucose and carbon dioxide, by metabolic reactions which adapt during acidosis to generate more ammonia and maintain an increased renal ammonia content. The complex mechanisms which govern the formation of ammonia, glucose and carbon dioxide from glutamine, involving the reactions of amino acids, the tricarboxylic acid cycle, and gluconeogenesis, are reviewed.},
	language = {eng},
	journal = {Enzyme},
	author = {Hems, D. A.},
	year = {1975},
	pmid = {231},
	keywords = {Hydrogen-Ion Concentration, Acidosis, Acute Disease, Ammonia, Glucose, Glutamates, Glutamine, Hydrochloric Acid, Kidney, Kidney Cortex, Models, Biological, Perfusion},
	pages = {359--380}
}

@techreport{whitehead_precision_2011,
	title = {Precision \& {Performance}: {Floating} {Point} and {IEEE} 754 {Compliance} for {NVIDIA} {GPUs}},
	author = {Whitehead, Nathan and Fit-Florea, Alex},
	year = {2011}
}

@article{koepernik_full-potential_1999,
	title = {Full-potential nonorthogonal local-orbital minimum-basis band-structure scheme},
	volume = {59},
	issn = {0163-1829, 1095-3795},
	language = {en},
	urldate = {2018-02-28},
	journal = {Physical Review B},
	author = {Koepernik, Klaus and Eschrig, Helmut},
	month = jan,
	year = {1999},
	pages = {1743--1757}
}

@article{vanhoof_spin-density_2009,
	title = {Spin-density wave in {Cr}: {Nesting} versus low-lying thermal excitations},
	volume = {80},
	issn = {1098-0121, 1550-235X},
	shorttitle = {Spin-density wave in {Cr}},
	language = {en},
	urldate = {2018-03-05},
	journal = {Physical Review B},
	author = {Vanhoof, Veerle and Rots, Michel and Cottenier, Stefaan},
	month = nov,
	year = {2009}
}

@article{uzdin_spin-density_2006,
	title = {Spin-density wave in {Cr} without the nesting property of the {Fermi} surface},
	volume = {18},
	issn = {0953-8984, 1361-648X},
	urldate = {2018-03-09},
	journal = {Journal of Physics: Condensed Matter},
	author = {Uzdin, V M and Demangeat, C},
	month = mar,
	year = {2006},
	pages = {2717--2728}
}

@book{martin_electronic_2004,
	address = {Cambridge, UK ; New York},
	title = {Electronic structure: basic theory and practical methods},
	isbn = {978-0-521-78285-2},
	shorttitle = {Electronic structure},
	publisher = {Cambridge University Press},
	author = {Martin, Richard M.},
	year = {2004},
	keywords = {Electronic structure}
}

@article{mankovsky_composition-dependent_2018,
	title = {Composition-dependent magnetic response properties of {Mn}1-{xFex} {Ge} alloys},
	volume = {97},
	issn = {2469-9950, 2469-9969},
	language = {en},
	urldate = {2018-03-21},
	journal = {Physical Review B},
	author = {Mankovsky, S. and Wimmer, S. and Polesya, S. and Ebert, H.},
	month = jan,
	year = {2018},
	pages = {024403}
}

@article{hu_creation_2017,
	title = {Creation and {Annihilation} of {Skyrmions} in the {Frustrated} {Magnets} with {Competing} {Exchange} {Interactions}},
	volume = {7},
	issn = {2045-2322},
	language = {en},
	urldate = {2018-03-27},
	journal = {Scientific Reports},
	author = {Hu, Yong and Chi, Xiaodan and Li, Xuesi and Liu, Yan and Du, An},
	month = dec,
	year = {2017}
}

@book{binder_monte_2010,
	address = {Heidelberg},
	edition = {5. ed},
	series = {Graduate texts in physics},
	title = {Monte {Carlo} simulation in statistical physics: an introduction},
	isbn = {978-3-642-03163-2},
	shorttitle = {Monte {Carlo} simulation in statistical physics},
	language = {eng},
	publisher = {Springer},
	author = {Binder, Kurt and Heermann, Dieter W.},
	year = {2010},
	note = {OCLC: 669776266}
}

@article{pajda_ab_2001,
	title = {\textit{{Ab} initio} calculations of exchange interactions, spin-wave stiffness constants, and {Curie} temperatures of {Fe}, {Co}, and {Ni}},
	volume = {64},
	issn = {0163-1829, 1095-3795},
	language = {en},
	urldate = {2018-03-29},
	journal = {Physical Review B},
	author = {Pajda, M. and Kudrnovský, J. and Turek, I. and Drchal, V. and Bruno, P.},
	month = oct,
	year = {2001}
}

@misc{noauthor_spirit_nodate,
	title = {Spirit spin simulation framework (see spirit-code.github.io)},
}

@article{bessarab_method_2015,
	title = {Method for finding mechanism and activation energy of magnetic transitions, applied to skyrmion and antivortex annihilation},
	volume = {196},
	issn = {00104655},
	language = {en},
	urldate = {2018-04-03},
	journal = {Computer Physics Communications},
	author = {Bessarab, Pavel F. and Uzdin, Valery M. and Jónsson, Hannes},
	month = nov,
	year = {2015},
	pages = {335--347}
}

@article{kanazawa_topological_2017,
	title = {Topological spin-hedgehog crystals of a chiral magnet as engineered with magnetic anisotropy},
	volume = {96},
	issn = {2469-9950, 2469-9969},
	language = {en},
	urldate = {2018-04-06},
	journal = {Physical Review B},
	author = {Kanazawa, N. and White, J. S. and Rønnow, H. M. and Dewhurst, C. D. and Morikawa, D. and Shibata, K. and Arima, T. and Kagawa, F. and Tsukazaki, A. and Kozuka, Y. and Ichikawa, M. and Kawasaki, M. and Tokura, Y.},
	month = dec,
	year = {2017},
	pages = {220414(R)}
}

@article{koretsune_control_2015,
	title = {Control of {Dzyaloshinskii}-{Moriya} interaction in {Mn}1-{xFexGe}: a first-principles study},
	volume = {5},
	issn = {2045-2322},
	shorttitle = {Control of {Dzyaloshinskii}-{Moriya} interaction in {Mn}1-{xFe} x {Ge}},
	language = {en},
	urldate = {2018-04-06},
	journal = {Scientific Reports},
	author = {Koretsune, Takashi and Nagaosa, Naoto and Arita, Ryotaro},
	month = oct,
	year = {2015},
	pages = {13302}
}

@article{stolt_chemical_2018,
	title = {Chemical {Pressure} {Stabilization} of the {Cubic} {B}20 {Structure} in {Skyrmion} {Hosting} {Fe}1–{xCoxGe} {Alloys}},
	volume = {30},
	issn = {0897-4756, 1520-5002},
	language = {en},
	urldate = {2018-04-09},
	journal = {Chemistry of Materials},
	author = {Stolt, Matthew J. and Sigelko, Xavier and Mathur, Nitish and Jin, Song},
	month = feb,
	year = {2018},
	pages = {1146--1154}
}

@article{chizhikov_multishell_2013,
	title = {Multishell contribution to the {Dzyaloshinskii}-{Moriya} spiraling in {MnSi}-type crystals},
	volume = {88},
	issn = {1098-0121, 1550-235X},
	language = {en},
	urldate = {2018-04-11},
	journal = {Physical Review B},
	author = {Chizhikov, Viacheslav A. and Dmitrienko, Vladimir E.},
	month = dec,
	year = {2013},
	pages = {214402}
}

@article{rokhlin_rapid_1985,
	title = {Rapid solution of integral equations of classical potential theory},
	volume = {60},
	issn = {00219991},
	language = {en},
	urldate = {2018-05-02},
	journal = {Journal of Computational Physics},
	author = {Rokhlin, V},
	month = sep,
	year = {1985},
	pages = {187--207}
}

@article{beeby_density_1967,
	title = {The {Density} of {Electrons} in a {Perfect} or {Imperfect} {Lattice}},
	volume = {302},
	issn = {1364-5021, 1471-2946},
	language = {en},
	urldate = {2018-05-23},
	journal = {Proceedings of the Royal Society A: Mathematical, Physical and Engineering Sciences},
	author = {Beeby, J. L.},
	month = dec,
	year = {1967},
	pages = {113--136}
}

@article{kikuchi_dzyaloshinskii-moriya_2016,
	title = {Dzyaloshinskii-{Moriya} {Interaction} as a {Consequence} of a {Doppler} {Shift} due to {Spin}-{Orbit}-{Induced} {Intrinsic} {Spin} {Current}},
	volume = {116},
	issn = {0031-9007, 1079-7114},
	language = {en},
	urldate = {2018-05-28},
	journal = {Physical Review Letters},
	author = {Kikuchi, Toru and Koretsune, Takashi and Arita, Ryotaro and Tatara, Gen},
	month = jun,
	year = {2016},
	pages = {247201}
}

@article{gilbert_classics_2004,
	title = {Classics in {Magnetics} {A} {Phenomenological} {Theory} of {Damping} in {Ferromagnetic} {Materials}},
	volume = {40},
	issn = {0018-9464},
	language = {en},
	urldate = {2018-06-04},
	journal = {IEEE Transactions on Magnetics},
	author = {Gilbert, T.L.},
	month = nov,
	year = {2004},
	pages = {3443--3449}
}

@article{dzyaloshinsky_thermodynamic_1958,
	title = {A thermodynamic theory of “weak” ferromagnetism of antiferromagnetics},
	volume = {4},
	issn = {00223697},
	language = {en},
	urldate = {2018-06-04},
	journal = {Journal of Physics and Chemistry of Solids},
	author = {Dzyaloshinsky, I.},
	month = jan,
	year = {1958},
	pages = {241--255}
}

@article{moriya_anisotropic_1960,
	title = {Anisotropic {Superexchange} {Interaction} and {Weak} {Ferromagnetism}},
	volume = {120},
	issn = {0031-899X},
	language = {en},
	urldate = {2018-06-04},
	journal = {Physical Review},
	author = {Moriya, Tôru},
	month = oct,
	year = {1960},
	pages = {91--98}
}

@article{zheng_experimental_2018,
	title = {Experimental observation of chiral magnetic bobbers in {B}20-type {FeGe}},
	volume = {13},
	issn = {1748-3387, 1748-3395},
	language = {en},
	urldate = {2018-06-08},
	journal = {Nature Nanotechnology},
	author = {Zheng, Fengshan and Rybakov, Filipp N. and Borisov, Aleksandr B. and Song, Dongsheng and Wang, Shasha and Li, Zi-An and Du, Haifeng and Kiselev, Nikolai S. and Caron, Jan and Kovács, András and Tian, Mingliang and Zhang, Yuheng and Blügel, Stefan and Dunin-Borkowski, Rafal E.},
	month = jun,
	year = {2018},
	pages = {451--455}
}

@article{schrodinger_undulatory_1926,
	title = {An {Undulatory} {Theory} of the {Mechanics} of {Atoms} and {Molecules}},
	volume = {28},
	issn = {0031-899X},
	language = {en},
	urldate = {2018-06-15},
	journal = {Physical Review},
	author = {Schrödinger, E.},
	month = dec,
	year = {1926},
	pages = {1049--1070}
}

@article{feynman_simulating_1982,
	title = {Simulating physics with computers},
	volume = {21},
	issn = {0020-7748, 1572-9575},
	language = {en},
	urldate = {2018-06-15},
	journal = {International Journal of Theoretical Physics},
	author = {Feynman, Richard P.},
	month = jun,
	year = {1982},
	pages = {467--488}
}

@article{hasnip_density_2014,
	title = {Density functional theory in the solid state},
	volume = {372},
	issn = {1364-503X, 1471-2962},
	language = {en},
	urldate = {2018-06-18},
	journal = {Philosophical Transactions of the Royal Society A: Mathematical, Physical and Engineering Sciences},
	author = {Hasnip, P. J. and Refson, K. and Probert, M. I. J. and Yates, J. R. and Clark, S. J. and Pickard, C. J.},
	month = feb,
	year = {2014},
	pages = {20130270--20130270}
}

@article{car_unified_1985,
	title = {Unified {Approach} for {Molecular} {Dynamics} and {Density}-{Functional} {Theory}},
	volume = {55},
	issn = {0031-9007},
	language = {en},
	urldate = {2018-06-18},
	journal = {Physical Review Letters},
	author = {Car, R. and Parrinello, M.},
	month = nov,
	year = {1985},
	pages = {2471--2474}
}

@article{ferriani_atomic-scale_2008,
	title = {Atomic-{Scale} {Spin} {Spiral} with a {Unique} {Rotational} {Sense}: {Mn} {Monolayer} on {W}(001)},
	volume = {101},
	issn = {0031-9007, 1079-7114},
	shorttitle = {Atomic-{Scale} {Spin} {Spiral} with a {Unique} {Rotational} {Sense}},
	language = {en},
	urldate = {2018-06-18},
	journal = {Physical Review Letters},
	author = {Ferriani, P. and von Bergmann, K. and Vedmedenko, E. Y. and Heinze, S. and Bode, M. and Heide, M. and Bihlmayer, G. and Blügel, S. and Wiesendanger, R.},
	month = jul,
	year = {2008},
	pages = {027201}
}

@article{binasch_enhanced_1989,
	title = {Enhanced magnetoresistance in layered magnetic structures with antiferromagnetic interlayer exchange},
	volume = {39},
	issn = {0163-1829},
	language = {en},
	urldate = {2018-06-18},
	journal = {Physical Review B},
	author = {Binasch, G. and Grünberg, P. and Saurenbach, F. and Zinn, W.},
	month = mar,
	year = {1989},
	pages = {4828--4830}
}

@article{baibich_giant_1988,
	title = {Giant {Magnetoresistance} of (001){Fe}/(001){Cr} {Magnetic} {Superlattices}},
	volume = {61},
	issn = {0031-9007},
	language = {en},
	urldate = {2018-06-18},
	journal = {Physical Review Letters},
	author = {Baibich, M. N. and Broto, J. M. and Fert, A. and Van Dau, F. Nguyen and Petroff, F. and Etienne, P. and Creuzet, G. and Friederich, A. and Chazelas, J.},
	month = nov,
	year = {1988},
	pages = {2472--2475}
}

@article{bogdanov_thermodynamically_1994,
	title = {Thermodynamically stable magnetic vortex states in magnetic crystals},
	volume = {138},
	issn = {03048853},
	language = {en},
	urldate = {2018-06-18},
	journal = {Journal of Magnetism and Magnetic Materials},
	author = {Bogdanov, A. and Hubert, A.},
	month = dec,
	year = {1994},
	pages = {255--269}
}

@article{rosler_spontaneous_2006,
	title = {Spontaneous skyrmion ground states in magnetic metals},
	volume = {442},
	issn = {0028-0836, 1476-4687},
	urldate = {2018-06-18},
	journal = {Nature},
	author = {Rößler, U. K. and Bogdanov, A. N. and Pfleiderer, C.},
	month = aug,
	year = {2006},
	pages = {797--801}
}

@techreport{reinsel_david_data_2017,
	type = {White {Paper}},
	title = {Data {Age} 2025: {The} {Evolution} of {Data} to {Life}-{Critical} {Don}’t {Focus} on {Big} {Data}; {Focus} on the {Data} {That}’s {Big}},
	institution = {IDC},
	author = {{Reinsel, David} and {Gantz, John} and {Rydning, John}},
	month = apr,
	year = {2017}
}

@article{pfleiderer_skyrmion_2010,
	title = {Skyrmion lattices in metallic and semiconducting {B}20 transition metal compounds},
	volume = {22},
	issn = {0953-8984, 1361-648X},
	urldate = {2018-06-20},
	journal = {Journal of Physics: Condensed Matter},
	author = {Pfleiderer, C and Adams, T and Bauer, A and Biberacher, W and Binz, B and Birkelbach, F and Böni, P and Franz, C and Georgii, R and Janoschek, M and Jonietz, F and Keller, T and Ritz, R and Mühlbauer, S and Münzer, W and Neubauer, A and Pedersen, B and Rosch, A},
	month = apr,
	year = {2010},
	pages = {164207}
}

@article{skyrme_unified_1962,
	title = {A unified field theory of mesons and baryons},
	volume = {31},
	issn = {00295582},
	language = {en},
	urldate = {2018-06-21},
	journal = {Nuclear Physics},
	author = {Skyrme, T.H.R.},
	month = mar,
	year = {1962},
	pages = {556--569}
}

@article{schrodinger_quantisierung_1926,
	title = {Quantisierung als {Eigenwertproblem}},
	volume = {384},
	issn = {00033804, 15213889},
	language = {de},
	urldate = {2018-06-22},
	journal = {Annalen der Physik},
	author = {Schrödinger, E.},
	year = {1926},
	pages = {361--376}
}

@article{bloch_uber_1929,
	title = {Über die {Quantenmechanik} der {Elektronen} in {Kristallgittern}},
	volume = {52},
	issn = {1434-6001, 1434-601X},
	language = {de},
	urldate = {2018-06-22},
	journal = {Zeitschrift für Physik},
	author = {Bloch, Felix},
	month = jul,
	year = {1929},
	pages = {555--600}
}

@article{levy_universal_1979,
	title = {Universal variational functionals of electron densities, first-order density matrices, and natural spin-orbitals and solution of the v-representability problem},
	volume = {76},
	issn = {0027-8424, 1091-6490},
	language = {en},
	urldate = {2018-06-22},
	journal = {Proceedings of the National Academy of Sciences},
	author = {Levy, M.},
	month = dec,
	year = {1979},
	pages = {6062--6065}
}

@article{becke_density-functional_1988,
	title = {Density-functional exchange-energy approximation with correct asymptotic behavior},
	volume = {38},
	issn = {0556-2791},
	language = {en},
	urldate = {2018-06-22},
	journal = {Physical Review A},
	author = {Becke, A. D.},
	month = sep,
	year = {1988},
	pages = {3098--3100}
}

@article{becke_densityfunctional_1993,
	title = {Density‐functional thermochemistry. {III}. {The} role of exact exchange},
	volume = {98},
	issn = {0021-9606, 1089-7690},
	language = {en},
	urldate = {2018-06-22},
	journal = {The Journal of Chemical Physics},
	author = {Becke, Axel D.},
	month = apr,
	year = {1993},
	pages = {5648--5652}
}

@article{bradlyn_topological_2017,
	title = {Topological quantum chemistry},
	volume = {547},
	issn = {0028-0836, 1476-4687},
	urldate = {2018-06-28},
	journal = {Nature},
	author = {Bradlyn, Barry and Elcoro, L. and Cano, Jennifer and Vergniory, M. G. and Wang, Zhijun and Felser, C. and Aroyo, M. I. and Bernevig, B. Andrei},
	month = jul,
	year = {2017},
	pages = {298--305}
}

@article{grigoriev_spiral_2015,
	title = {From spiral to ferromagnetic structure in {B}20 compounds: {Role} of cubic anisotropy},
	volume = {91},
	issn = {1098-0121, 1550-235X},
	shorttitle = {From spiral to ferromagnetic structure in {B}20 compounds},
	language = {en},
	urldate = {2018-07-05},
	journal = {Physical Review B},
	author = {Grigoriev, S. V. and Sukhanov, A. S. and Maleyev, S. V.},
	month = jun,
	year = {2015},
	pages = {224429}
}

@article{altynbaev_magnetic_2018,
	title = {Magnetic structure in {Mn} 1 - x {Co} x {Ge} compounds},
	volume = {97},
	issn = {2469-9950, 2469-9969},
	language = {en},
	urldate = {2018-07-05},
	journal = {Physical Review B},
	author = {Altynbaev, E. and Siegfried, S.-A. and Strauß, P. and Menzel, D. and Heinemann, A. and Fomicheva, L. and Tsvyashchenko, A. and Grigoriev, S.},
	month = apr,
	year = {2018}
}

@article{daalderop_first-principles_1990,
	title = {First-principles calculation of the magnetocrystalline anisotropy energy of iron, cobalt, and nickel},
	volume = {41},
	issn = {0163-1829, 1095-3795},
	language = {en},
	urldate = {2018-07-05},
	journal = {Physical Review B},
	author = {Daalderop, G. H. O. and Kelly, P. J. and Schuurmans, M. F. H.},
	month = jun,
	year = {1990},
	pages = {11919--11937}
}

@article{trygg_total_1995,
	title = {Total {Energy} {Calculation} of the {Magnetocrystalline} {Anisotropy} {Energy} in the {Ferromagnetic} 3d {Metals}},
	volume = {75},
	issn = {0031-9007, 1079-7114},
	language = {en},
	urldate = {2018-07-05},
	journal = {Physical Review Letters},
	author = {Trygg, J. and Johansson, B. and Eriksson, O. and Wills, J. M.},
	month = oct,
	year = {1995},
	pages = {2871--2874}
}

@article{halilov_magnetocrystalline_1998,
	title = {Magnetocrystalline anisotropy energy in cubic {Fe}, {Co}, and {Ni}: {Applicability} of local-spin-density theory reexamined},
	volume = {57},
	issn = {0163-1829, 1095-3795},
	shorttitle = {Magnetocrystalline anisotropy energy in cubic {Fe}, {Co}, and {Ni}},
	language = {en},
	urldate = {2018-07-05},
	journal = {Physical Review B},
	author = {Halilov, S. V. and Perlov, A. Ya. and Oppeneer, P. M. and Yaresko, A. N. and Antonov, V. N.},
	month = apr,
	year = {1998},
	pages = {9557--9560}
}

@article{wang_validity_1996,
	title = {Validity of the force theorem for magnetocrystalline anisotropy},
	volume = {159},
	issn = {03048853},
	language = {en},
	urldate = {2018-07-05},
	journal = {Journal of Magnetism and Magnetic Materials},
	author = {Wang, Xindong and Wang, Ding-sheng and Wu, Ruqian and Freeman, A.J.},
	month = jul,
	year = {1996},
	pages = {337--341}
}

@article{chacon_observation_2018,
	title = {Observation of two independent skyrmion phases in a chiral magnetic material},
	issn = {1745-2473, 1745-2481},
	language = {en},
	urldate = {2018-07-05},
	journal = {Nature Physics},
	author = {Chacon, A. and Heinen, L. and Halder, M. and Bauer, A. and Simeth, W. and Mühlbauer, S. and Berger, H. and Garst, M. and Rosch, A. and Pfleiderer, C.},
	month = jun,
	year = {2018}
}

@book{skomski_simple_2008,
	address = {Oxford},
	title = {Simple {Models} of {Magnetism}.},
	isbn = {978-0-19-152475-2},
	abstract = {Models of magnetism have been pivotal in the understanding and advancement of science and technology. The book is the first one to cover the field as a whole, complementing a rich literature on specific models of magnetism. It is written in an easily accessible style, with a limited amount of mathematics, and covers a wide range of phenomena. - ;For hundreds of years, models of magnetism have been pivotal in the understanding and advancement of science and technology, from the Earth's interpretation as a magnetic dipole to quantum mechanics, statistical physics, and modern nanotechnology. This.},
	language = {English},
	urldate = {2018-07-06},
	publisher = {Oxford University Press, UK},
	author = {Skomski, Ralph},
	year = {2008},
	note = {OCLC: 476244818}
}

@book{shuvalov_modern_1988,
	address = {Berlin, Heidelberg},
	series = {Springer {Series} in {Solid}-{State} {Sciences}},
	title = {Modern {Crystallography} {IV}},
	volume = {37},
	isbn = {978-3-642-81840-0 978-3-642-81838-7},
	urldate = {2018-07-10},
	publisher = {Springer Berlin Heidelberg},
	editor = {Shuvalov, L. A. and Cardona, Manuel and Fulde, Peter and von Klitzing, Klaus and Queisser, Hans-Joachim},
	year = {1988},
}

@article{vosko_accurate_1980,
	title = {Accurate spin-dependent electron liquid correlation energies for local spin density calculations: a critical analysis},
	volume = {58},
	issn = {0008-4204, 1208-6045},
	shorttitle = {Accurate spin-dependent electron liquid correlation energies for local spin density calculations},
	language = {en},
	urldate = {2018-08-09},
	journal = {Canadian Journal of Physics},
	author = {Vosko, S. H. and Wilk, L. and Nusair, M.},
	month = aug,
	year = {1980},
	pages = {1200--1211}
}

@incollection{kettle_magnetic_1996,
	address = {Berlin, Heidelberg},
	title = {Magnetic properties of transition metal complexes},
	isbn = {978-0-7167-4514-3 978-3-662-25191-1},
	language = {en},
	urldate = {2018-08-10},
	booktitle = {Physical {Inorganic} {Chemistry}},
	publisher = {Springer Berlin Heidelberg},
	author = {Kettle, S. F. A.},
	collaborator = {Kettle, S. F. A.},
	year = {1996},
	pages = {185--210}
}

@article{elliott_theory_1974,
	title = {The theory and properties of randomly disordered crystals and related physical systems},
	volume = {46},
	issn = {0034-6861},
	language = {en},
	urldate = {2018-08-10},
	journal = {Reviews of Modern Physics},
	author = {Elliott, R. J. and Krumhansl, J. A. and Leath, P. L.},
	month = jul,
	year = {1974},
	pages = {465--543}
}

@article{doring_point_1968,
	title = {Point {Singularities} in {Micromagnetism}},
	volume = {39},
	issn = {0021-8979, 1089-7550},
	language = {en},
	urldate = {2018-08-10},
	journal = {Journal of Applied Physics},
	author = {Döring, W.},
	month = feb,
	year = {1968},
	pages = {1006--1007}
}

@article{feldtkeller_continuous_2017,
	title = {Continuous and {Singular} {Micromagnetic} {Configurations}},
	volume = {53},
	issn = {0018-9464, 1941-0069},
	urldate = {2018-08-10},
	journal = {IEEE Transactions on Magnetics},
	author = {Feldtkeller, Ernst},
	month = oct,
	year = {2017},
	pages = {1--8}
}

@article{mankovsky_accurate_2017,
	title = {Accurate scheme to calculate the interatomic {Dzyaloshinskii}-{Moriya} interaction parameters},
	volume = {96},
	issn = {2469-9950, 2469-9969},
	language = {en},
	urldate = {2018-08-14},
	journal = {Physical Review B},
	author = {Mankovsky, S. and Ebert, H.},
	month = sep,
	year = {2017}
}

@book{straatsma_exascale_2018,
	address = {Boca Raton},
	series = {Chapman \& {Hall}/{CRC} computational science series},
	title = {Exascale scientific applications: scalability and performance portability},
	isbn = {978-1-138-19754-1},
	shorttitle = {Exascale scientific applications},
	publisher = {CRC Press, Taylor \& Francis Group},
	editor = {Straatsma, Tjerk P. and Antypas, Katerina and Williams, Timothy J.},
	year = {2018},
	keywords = {Data processing, Exascale computing, Science, Technology},
	annote = {"A Chapman \& Hall book."}
}

@book{nagel_high_2018,
	address = {Cham},
	title = {High {Performance} {Computing} in {Science} and {Engineering} ' 17},
	isbn = {978-3-319-68393-5 978-3-319-68394-2},
	language = {en},
	urldate = {2018-08-23},
	publisher = {Springer International Publishing},
	editor = {Nagel, Wolfgang E. and Kröner, Dietmar H. and Resch, Michael M.},
	year = {2018},
}

@inproceedings{bornemann_large-scale_2018,
	title = {Large-scale ab initio investigations of complex magnetic textures},
	publisher = {Frühjahrstagung der Deutschen                        Physikalischen Gesellschaft, Berlin                        (Germany), 11 Mar 2018 - 16 Mar 2018},
	author = {Bornemann, Marcel and {Grytsiuk, Sergii} and {Baumeister, Paul F.} and {Mavropoulos, Phivos} and {Kiselev, Nikolai S.} and {Lounis, Samir} and {Zeller, Rudolf} and {Blügel, Stefan}},
	year = {2018}
}
