@ARTICLE{7095154,
  author={Nair, R. and Antao, S.F. and Bertolli, C. and Bose, P. and Brunheroto, J.R. and Chen, T. and Cher, C. and Costa, C.H.A. and Doi, J. and Evangelinos, C. and Fleischer, B.M. and Fox, T.W. and Gallo, D.S. and Grinberg, L. and Gunnels, J.A. and Jacob, A.C. and Jacob, P. and Jacobson, H.M. and Karkhanis, T. and Kim, C. and Moreno, J.H. and O'Brien, J.K. and Ohmacht, M. and Park, Y. and Prener, D.A. and Rosenburg, B.S. and Ryu, K.D. and Sallenave, O. and Serrano, M.J. and Siegl, P.D.M. and Sugavanam, K. and Sura, Z.},
  journal={IBM Journal of Research and Development},
  title={Active Memory Cube: A processing-in-memory architecture for exascale systems},
  year={2015},
  volume={59},
  number={2/3},
  pages={17:1-17:14},
  doi={10.1147/JRD.2015.2409732},
  ISSN={0018-8646},
  month={March},
}

% doi = {10.1103/RevModPhys.80.3},
%  url = {http://link.aps.org/doi/10.1103/RevModPhys.80.3}
@article{RevModPhys.80.3,
  title = {Orbital-dependent density functionals: Theory and applications},
  author = {K\"ummel, Stephan and Kronik, Leeor},
  journal = {Rev. Mod. Phys.},
  volume = {80},
  issue = {1},
  pages = {3--60},
  numpages = {58},
  year = {2008},
  month = {Jan},
  publisher = {American Physical Society},
}

%%% author = {Alam, S. and Bekas, C. and Boettiger, H. and Curioni, A. and Fourestey, G. and Homberg, W. and Knobloch, M. and Laino, T. and Maurer, T. and Mohr, B. and Pleiter, D. and Schiller, A. and Schulthess, T. and Weber, V.},
% url = {http://dx.doi.org/10.1147/JRD.2012.2234331},
% doi = {10.1147/JRD.2012.2234331},
@article{Alam:2013:EES:2481786.2481801,
 author = {Alam, S. and others},
 title = {Early Experiences with Scientific Applications on the {IBM Blue Gene/Q} Supercomputer},
 journal = {IBM J. Res. Dev.},
 issue_date = {January 2013},
 volume = {57},
 number = {1},
 month = jan,
 year = {2013},
 issn = {0018-8646},
 pages = {161--169},
 numpages = {9},
 acmid = {2481801},
 publisher = {IBM Corp.},
 address = {Riverton, NJ, USA},
}

@book{quantum-espresso-2012,
  author = {Girotto, Ivan and Varini, Nicola and others},
  title = {Enabling of {Quantum ESPRESSO} to Petascale Scientific Challenges},
  year = {2012},
  publisher = {{PRACE}},
}

%% title = {Real-Space Finite-Difference PAW Method for Large-Scale Applications on Massively Parallel Computers},
@phdthesis{baumeister-phd,
  author = {Baumeister, Paul F.},
  title = {Real-Space Finite-Difference PAW Method for Large-Scale Applications on Massively Parallel Computers},
  school = {RWTH Aachen},
  year = {2012},
}

%% doi={10.1109/CICC.1992.591879}
@INPROCEEDINGS{5727436,
author={Elliott, D.G. and Snelgrove, W.M. and Stumm, M.},
booktitle={Custom Integrated Circuits Conference, 1992., Proceedings of the IEEE 1992},
title={Computational {RAM}: A Memory-{SIMD} Hybrid And Its Application To {DSP}},
year={1992},
month={May},
pages={30.6.1-30.6.4},
}

%%%author={Patterson, D. and Anderson, T. and Cardwell, N. and Fromm, R. and Keeton, K. and Kozyrakis, C. and Thomas, R. and Yelick, K.},
%pages={34-44},
%doi={10.1109/40.592312},
@ARTICLE{592312,
author={Patterson, D. and others},
journal={Micro, IEEE},
title={A case for intelligent {RAM}},
year={1997},
month={Mar},
volume={17},
number={2},
ISSN={0272-1732},}

%%%% author={Hall, M. and Kogge, P. and Koller, J. and Diniz, P. and Chame, J. and Draper, J. and LaCoss, J. and Granacki, J. and Brockman, J. and Srivastava, A. and Athas, W. and Freeh, V. and Jaewook Shin and Joonseok Park},
% pages={57-57},
% doi={10.1109/SC.1999.10019}
% booktitle={Supercomputing, ACM/IEEE 1999 Conference},
@INPROCEEDINGS{1592700,
author={Hall, M. and others},
booktitle={Supercomputing, ACM/IEEE 1999 Conf.},
title={Mapping Irregular Applications to {DIVA}, a {PIM}-based Data-Intensive Architecture},
year={1999},
month={Nov},
}

%%%author={Yi Kang and Wei Huang and Seung-Moon Yoo and Keen, D. and Zhenzhou Ge and Lam, V. and Pattnaik, P. and Torrellas, J.},
@INPROCEEDINGS{808425,
author={Yi Kang and others},
booktitle={Computer Design, 1999. (ICCD '99) Intern. Conf.},
title={{FlexRAM}: {T}oward an advanced intelligent memory system},
year={1999},
month={},
pages={192-201},
ISSN={1063-6404}
}

@misc{hmc,
  author = {{Hybrid Memory Cube Consortium}},
  title = {{Hybrid Memory Cube specification}},
  year = {2013},
  number = {{1.0}}
}


%%url            = "http://scitation.aip.org/content/aip/journal/jcp/140/18/10.1063/1.4869598",
@Article{jcp_140_18_10.1063_1.4869598,
  Author         = "Becke, Axel D.",
  Title          = "Perspective: Fifty years of density-functional theory in chemical physics",
  Journal        = "The Journal of Chemical Physics",
  Volume         = "140",
  Number         = "18",
  Pages          = "-",
  doi            = "http://dx.doi.org/10.1063/1.4869598",
  eid            = "18a301",
  year           = "2014"
}

%%%  title = {Massively parallel density functional calculations for thousands of atoms: KKRnano},
%  doi = {10.1103/PhysRevB.85.235103},
%  url = {http://link.aps.org/doi/10.1103/PhysRevB.85.235103}
% author = {Thiess, A. and Zeller, R. and Bolten, M. and Dederichs, P. H. and Bl\"ugel, S.},
@article{PhysRevB.85.235103,
  title = {{KKR}nano},
  author = {Thiess, A. and others},
  journal = {Phys. Rev. B},
  volume = {85},
  issue = {23},
  pages = {235103},
  numpages = {12},
  year = {2012},
  month = {Jun},
  publisher = {American Physical Society},
}

% title = {Large scale supercell calculations for forces around substitutional defects in NiTi},
@article {PSSB:PSSB201350406,
author = {Zeller, Rudolf},
journal = {physica status solidi (b)},
volume = {251},
number = {10},
issn = {1521-3951},
url = {http://dx.doi.org/10.1002/pssb.201350406},
doi = {10.1002/pssb.201350406},
pages = {2048--2054},
keywords = {density functional calculations, force field, KKR-GF method, substitutional defects},
year = {2014},
}

%%% title = {{KKR}nano: {A}ll-electron density-functional calculations for nanoscale systems},
%      pnm          = {424 - Exploratory materials and phenomena (POF2-424)},
%      booktitle    = {424 - Exploratory materials and phenomena (POF2-424)},
%      pid          = {G:(DE-HGF)POF2-424},
%      typ          = {PUB:(DE-HGF)31},
%      url          = {http://juser.fz-juelich.de/record/172792},
%     month         = {10/29/2014 - 10/29/2014},
%    organization  = {VSR Seminar, JSC, Forschungszentrum J\"ulich(Germany), 10/29/2014 - 10/29/2014},
@INPROCEEDINGS{Zeller:172792,
      author       = {Zeller, Rudolf},
      title        = {{KKR}nano},
      reportid     = {FZJ-2014-06233},
      year         = {2014},
      organization  = {VSR Seminar (Oct 2014), JSC, FZ J\"ulich(Germany)},
      cin          = {IAS-3},
      cid          = {I:(DE-Juel1)IAS-3-20090406},
}

% url={http://dx.doi.org/10.1007/BF01385726},
@article{Freund_and_Nachtigal,
year={1991},
issn={0029-599X},
journal={Numerische Mathematik},
volume={60},
number={1},
doi={10.1007/BF01385726},
title={{QMR}: a quasi-minimal residual method for non-{H}ermitian linear systems},
publisher={Springer-Verlag},
keywords={65F10},
author={Freund, Roland W. and Nachtigal, No\"el.},
pages={315-339},
language={English}
}

%% url = "http://www.sciencedirect.com/science/article/pii/0009261480803964",
@article{Pulay1980393,
title = "Convergence acceleration of iterative sequences. {T}he case of {SCF} iteration ",
journal = "Chemical Physics Letters ",
volume = "73",
number = "2",
pages = "393 - 398",
year = "1980",
issn = "0009-2614",
doi = "http://dx.doi.org/10.1016/0009-2614(80)80396-4",
author = "Peter Pulay"
}

@unpublished{DFT-questionnaire,
author = {Bl\"ugel, Stefan and Wortmann, Daniel and Baumeister, Paul F. and Pleiter, Dirk},
title = {{EIC} {C}o-design {Q}uestionnaire for {DFT}},
note = {unpublished},
}

@article{jonsson1998nudged,
  title={Nudged elastic band method for finding minimum energy paths of transitions},
  author={Jonsson, Hannes and Mills, Greg and Jacobsen, Karsten W},
  year={1998},
  publisher={Citeseer}
}

@inproceedings{Solca:2015:EIQ:2807591.2807654,
 author = {Solc\`{a}, Raffaele and Kozhevnikov, Anton and Haidar, Azzam and Tomov, Stanimire and Dongarra, Jack and Schulthess, Thomas C.},
 title = {Efficient Implementation of Quantum Materials Simulations on Distributed {CPU-GPU} Systems},
 booktitle = {Proceedings of the International Conference for High Performance Computing, Networking, Storage and Analysis},
 series = {SC '15},
 year = {2015},
 isbn = {978-1-4503-3723-6},
 location = {Austin, Texas},
 pages = {10:1--10:12},
 articleno = {10},
 numpages = {12},
 url = {http://doi.acm.org/10.1145/2807591.2807654},
 doi = {10.1145/2807591.2807654},
 acmid = {2807654},
 publisher = {ACM},
 address = {New York, NY, USA},
}

@INPROCEEDINGS{1592884,
  author={Sterling, T.L. and Zima, H.P.},
  booktitle={Supercomputing, ACM/IEEE 2002 Conference},
  title={Gilgamesh: A Multithreaded Processor-In-Memory Architecture for Petaflops Computing},
  year={2002},
  pages={48-48},
  doi={10.1109/SC.2002.10061},
  ISSN={1063-9535},
  month={Nov},
}

@article{jcp-131-3-10.1063-1.3166140,
   author = "Genovese, Luigi and Ospici, Matthieu and Deutsch, Thierry and M\'{e}haut, Jean-Fran\c{c}ois and Neelov, Alexey and Goedecker, Stefan",
   title = "Density functional theory calculation on many-cores hybrid central processing unit-graphic processing unit architectures",
   journal = "The Journal of Chemical Physics",
   year = "2009",
   volume = "131",
   number = "3", 
   eid = 034103,
   pages = "",
   url = "http://scitation.aip.org/content/aip/journal/jcp/131/3/10.1063/1.3166140",
   doi = "http://dx.doi.org/10.1063/1.3166140" 
}

@INPROCEEDINGS{6169574,
  author={Spiga, F. and Girotto, I.},
  booktitle={Parallel, Distributed and Network-Based Processing (PDP), 2012 20th Euromicro International Conference on},
  title={{phiGEMM}: A {CPU-GPU} Library for Porting {Quantum ESPRESSO} on Hybrid Systems},
  year={2012},
  pages={368-375},
  doi={10.1109/PDP.2012.72},
  ISSN={1066-6192},
  month={Feb},
}

@inproceedings{Wang:2011:LSP:2063384.2063479,
 author = {Wang, Long and Wu, Yue and Jia, Weile and Gao, Weiguo and Chi, Xuebin and Wang, Lin-Wang},
 title = {Large Scale Plane Wave Pseudopotential Density Functional Theory Calculations on {GPU} Clusters},
 booktitle = {Proceedings of 2011 International Conference for High Performance Computing, Networking, Storage and Analysis},
 series = {SC '11},
 year = {2011},
 isbn = {978-1-4503-0771-0},
 location = {Seattle, Washington},
 pages = {71:1--71:10},
 articleno = {71},
 numpages = {10},
 url = {http://doi.acm.org/10.1145/2063384.2063479},
 doi = {10.1145/2063384.2063479},
 acmid = {2063479},
 publisher = {ACM},
 address = {New York, NY, USA},
}

@incollection{10.1007/978-3-319-20119-1_8,
year={2015},
isbn={978-3-319-20118-4},
booktitle={High Performance Computing},
volume={9137},
series={Lecture Notes in Computer Science},
editor={Kunkel, Julian M. and Ludwig, Thomas},
doi={10.1007/978-3-319-20119-1_8},
title={Accelerating {LBM} and {LQCD} Application Kernels by In-Memory Processing},
url={http://dx.doi.org/10.1007/978-3-319-20119-1_8},
publisher={Springer International Publishing},
author={Baumeister, Paul F. and Boettiger, Hans and Brunheroto, Jos\'{e} R. and Hater, Thorsten and Maurer, Thilo and Nobile, Andrea and Pleiter, Dirk},
pages={96-112},
language={English}
}

@article {JCC:JCC23096,
  author = {Hacene, Mohamed and Anciaux-Sedrakian, Ani and Rozanska, Xavier and Klahr, Diego and Guignon, Thomas and Fleurat-Lessard, Paul},
  title = {Accelerating VASP electronic structure calculations using graphic processing units},
  journal = {Journal of Computational Chemistry},
  volume = {33},
  number = {32},
  publisher = {Wiley Subscription Services, Inc., A Wiley Company},
  issn = {1096-987X},
  url = {http://dx.doi.org/10.1002/jcc.23096},
  doi = {10.1002/jcc.23096},
  pages = {2581--2589},
  year = {2012},
}

@incollection{doi:10.1007/978-3-642-36803-5-4,
  year={2013},
  isbn={978-3-642-36802-8},
  booktitle={Applied Parallel and Scientific Computing},
  volume={7782},
  series={Lecture Notes in Computer Science},
  editor={Manninen, Pekka and \"{O}ster, Per},
  doi={10.1007/978-3-642-36803-5_4},
  title={Parallel Electronic Structure Calculations Using Multiple Graphics Processing Units ({GPU}s)},
  publisher={Springer Berlin Heidelberg},
  keywords={electronic structure calculations; density functional theory; graphics processing units},
  author={Hakala, Samuli and Havu, Ville and Enkovaara, Jussi and Nieminen, Risto},
  pages={63-76},
  language={English}
}

@ARTICLE{Thiess:21269,
      author       = {Thiess, A. and Zeller, R. and Bolten, M. and Dederichs, P.
                      H. and Bl\"{u}gel, S.},
      title        = {{M}assively parallel density functional calculations for
                      thousands of atoms: {KKR}nano},
      journal      = {Physical review / B},
      volume       = {85},
      issn         = {1098-0121},
      address      = {College Park, Md.},
      publisher    = {APS},
      pages        = {235103},
      year         = {2012},
      keywords     = {J (WoSType)},
      cin          = {PGI-1 / IAS-1 / JARA-FIT / JARA-SIM / PGI-2},
      ddc          = {530},
      cid          = {I:(DE-Juel1)PGI-1-20110106 / I:(DE-Juel1)IAS-1-20090406 /
                      I:(DE-82)080009 / I:(DE-Juel1)VDB1045 /
                      I:(DE-Juel1)PGI-2-20110106},
      pnm          = {Grundlagen für zukünftige Informationstechnologien},
      pid          = {G:(DE-Juel1)FUEK412},
      shelfmark    = {Physics, Condensed Matter},
      typ          = {PUB:(DE-HGF)16},
      UT           = {WOS:000304748900001},
      doi          = {10.1103/PhysRevB.85.235103},
      url          = {http://juser.fz-juelich.de/record/21269},
}

@techrep{hbm,
  author = {{JEDEC}},
  title = {{JEDEC Standard High Bandwidth Memory(HBM) DRAM Specification}},
  year = {2013},
  note = {JESD235},
}

@article{PhysRev.136.B864,
  title = {Inhomogeneous Electron Gas},
  author = {Hohenberg, P. and Kohn, W.},
  journal = {Phys. Rev.},
  volume = {136},
  issue = {3B},
  pages = {B864--B871},
  numpages = {0},
  year = {1964},
  month = {Nov},
  publisher = {American Physical Society},
  doi = {10.1103/PhysRev.136.B864},
  url = {http://link.aps.org/doi/10.1103/PhysRev.136.B864}
}

@article{PhysRev.140.A1133,
  title = {Self-Consistent Equations Including Exchange and Correlation Effects},
  author = {Kohn, W. and Sham, L. J.},
  journal = {Phys. Rev.},
  volume = {140},
  issue = {4A},
  pages = {A1133--A1138},
  numpages = {0},
  year = {1965},
  month = {Nov},
  publisher = {American Physical Society},
  doi = {10.1103/PhysRev.140.A1133},
  url = {http://link.aps.org/doi/10.1103/PhysRev.140.A1133}
}

@article{PhysRevB.52.8807,
  title = {Theory and convergence properties of the screened Korringa-Kohn-Rostoker method},
  author = {Zeller, R. and Dederichs, P. H. and \'Ujfalussy, B. and Szunyogh, L. and Weinberger, P.},
  journal = {Phys. Rev. B},
  volume = {52},
  issue = {12},
  pages = {8807--8812},
  numpages = {0},
  year = {1995},
  month = {Sep},
  publisher = {American Physical Society},
  doi = {10.1103/PhysRevB.52.8807},
  url = {http://link.aps.org/doi/10.1103/PhysRevB.52.8807}
}
